<record format="MarcXchange" type="Bibliographic"><leader>00000     2200000   000 </leader><controlfield tag="001">468085</controlfield><controlfield tag="002">11.12.2013</controlfield><datafield ind2="1" ind1="0" tag="014"><subfield code="a">61 EU 13-45M</subfield></datafield><datafield ind2="1" ind1="0" tag="015"><subfield code="a">eng</subfield></datafield><datafield ind2="1" ind1="0" tag="029"><subfield code="a">06</subfield></datafield><datafield ind2="1" ind1="0" tag="100"><subfield code="a">Abdelall, Seifeldin</subfield></datafield><datafield ind2="1" ind1="0" tag="101"><subfield code="a">Blum, Ludger [Betreuer]</subfield></datafield><datafield ind2="1" ind1="0" tag="331"><subfield code="a">Investigation of turbo-machinery and heat exchangers in a membrane post-combustion system for CO2 capture</subfield></datafield><datafield ind2=" " ind1="0" tag="359"><subfield code="a">in Zusammenarbeit mit: Forschungszentrum Jülich (Dr. Dr. Li Zhao)</subfield></datafield><datafield ind2=" " ind1="0" tag="425"><subfield code="a">2013</subfield></datafield><datafield ind2="1" ind1="0" tag="519"><subfield code="a">Aachen, FH, Masterarbeit, 2013</subfield></datafield></record>