<record format="MarcXchange" type="Bibliographic"><leader>00000     2200000   000 </leader><controlfield tag="001">381474</controlfield><controlfield tag="002">18.07.2012</controlfield><datafield ind2="1" ind1="0" tag="014"><subfield code="a">61 BMT 12-11M</subfield></datafield><datafield ind2="1" ind1="0" tag="015"><subfield code="a">eng</subfield></datafield><datafield ind2="1" ind1="0" tag="029"><subfield code="a">06</subfield></datafield><datafield ind2="1" ind1="0" tag="100"><subfield code="a">Adapala, Shivali</subfield></datafield><datafield ind2="1" ind1="0" tag="101"><subfield code="a">Ackermann, Hans-Josef [Betreuer]</subfield></datafield><datafield ind2="1" ind1="0" tag="331"><subfield code="a">Evaluation of an electrolocation sensor using impedance spectroscopy method</subfield></datafield><datafield ind2=" " ind1="0" tag="359"><subfield code="a">in Zusammenarbeit mit: Forschungszentrum Jülich/Institute of Complex Systems ; department of Bioelectronics, Peter Grünberg (Dr.-Ing. Herbert Bousack)</subfield></datafield><datafield ind2=" " ind1="0" tag="425"><subfield code="a">2012</subfield></datafield><datafield ind2="1" ind1="0" tag="519"><subfield code="a">Aachen, FH, Masterarbeit, 2012</subfield></datafield></record>