<record format="MarcXchange" type="Bibliographic"><leader>00000     2200000   000 </leader><controlfield tag="001">270578</controlfield><controlfield tag="002">01.06.2010</controlfield><datafield ind2="1" ind1="0" tag="014"><subfield code="a">61 BMT 10-07M</subfield></datafield><datafield ind2="1" ind1="0" tag="015"><subfield code="a">eng.</subfield></datafield><datafield ind2="1" ind1="0" tag="029"><subfield code="a">06</subfield></datafield><datafield ind2="1" ind1="0" tag="100"><subfield code="a">Ahmad Thamer, Omar</subfield></datafield><datafield ind2="1" ind1="0" tag="101"><subfield code="a">Herzog, Hans [Betreuer]</subfield></datafield><datafield ind2="1" ind1="0" tag="331"><subfield code="a">Comparison of methods for correcting head motion in dynamic PET scanning of brain tumor patients</subfield></datafield><datafield ind2=" " ind1="0" tag="359"><subfield code="a">in Zusammenarbeit mit: Forschungszentrum Jülich/department of Physics of Medical Imaging ; Institute of Neurosciences and Medicine (Prof. Karl Ziemons)</subfield></datafield><datafield ind2=" " ind1="0" tag="425"><subfield code="a">2010</subfield></datafield><datafield ind2="1" ind1="0" tag="519"><subfield code="a">Aachen, FH, Masterarbeit, 2010</subfield></datafield></record>