<record format="MarcXchange" type="Bibliographic"><leader>00000     2200000   000 </leader><controlfield tag="001">258330</controlfield><controlfield tag="002">21.10.2009</controlfield><controlfield tag="003">21.10.2009</controlfield><datafield ind2="1" ind1="0" tag="014"><subfield code="a">61 P 09-53B</subfield></datafield><datafield ind2="1" ind1="0" tag="015"><subfield code="a">ger</subfield></datafield><datafield ind2="1" ind1="0" tag="029"><subfield code="a">06</subfield></datafield><datafield ind2="1" ind1="0" tag="100"><subfield code="a">Ahmeti, Shkurta</subfield></datafield><datafield ind2="1" ind1="0" tag="101"><subfield code="a">Dikta, Gerhard [Betreuer]</subfield></datafield><datafield ind2="1" ind1="0" tag="331"><subfield code="a">Programmtechnische Umsetzung eienr polynomialen multivariaten Regression als Prognoseverfahren in einem System zur optimalen Energieproduktionsplanung</subfield></datafield><datafield ind2=" " ind1="0" tag="425"><subfield code="a">2009</subfield></datafield><datafield ind2="1" ind1="0" tag="519"><subfield code="a">Aachen, FH, Bachelorarbeit, 2009</subfield></datafield></record>