<record format="MarcXchange" type="Bibliographic"><leader>00000     2200000   000 </leader><controlfield tag="001">255214</controlfield><controlfield tag="002">29.07.2009</controlfield><controlfield tag="003">29.07.2009</controlfield><datafield ind2="1" ind1="0" tag="014"><subfield code="a">61 BMT 09-31</subfield></datafield><datafield ind2="1" ind1="0" tag="015"><subfield code="a">ger</subfield></datafield><datafield ind2="1" ind1="0" tag="029"><subfield code="a">06</subfield></datafield><datafield ind2="1" ind1="0" tag="100"><subfield code="a">Ajelleh, Mehrnaz</subfield></datafield><datafield ind2="1" ind1="0" tag="101"><subfield code="a">Müller-Veggian, Mattea [Betreuer]</subfield></datafield><datafield ind2="1" ind1="0" tag="331"><subfield code="a">Regressionsanalyse von PET-Bildern der zeitlichen Aufnahme der Aminosäure [18F] - Fluorethyltyrosin in Hirntumoren</subfield></datafield><datafield ind2=" " ind1="0" tag="359"><subfield code="a">in Zusammenarbeit mit: Forschungszentrum Jülich GmbH/Institut für Neurowissenschaften und Medizin (Prof. Dr. H. Herzog)</subfield></datafield><datafield ind2=" " ind1="0" tag="425"><subfield code="a">2009</subfield></datafield><datafield ind2="1" ind1="0" tag="519"><subfield code="a">Aachen, FH, Diplomarbeit, 2009</subfield></datafield></record>