<record format="MarcXchange" type="Bibliographic"><leader>00000     2200000   000 </leader><controlfield tag="001">121636</controlfield><controlfield tag="002">14.04.1994</controlfield><controlfield tag="003">29.06.2006</controlfield><datafield ind2="1" ind1="0" tag="014"><subfield code="a">61 C 93/94-01</subfield></datafield><datafield ind2="1" ind1="0" tag="015"><subfield code="a">ger</subfield></datafield><datafield ind2="1" ind1="0" tag="100"><subfield code="a">Allhoff, Dirk</subfield></datafield><datafield ind2="1" ind1="0" tag="101"><subfield code="a">Dieckhoff, Josef [Betreuer]</subfield></datafield><datafield ind2="1" ind1="0" tag="331"><subfield code="a">Isolierung und Charakterisierung von Peanutagglutinin (PNA)</subfield></datafield><datafield ind2="1" ind1="0" tag="335"><subfield code="a">Versuche zur Quervernetzung und Immobilisierung des Lektins an BrCN-aktivierte Sepharose</subfield></datafield><datafield ind2=" " ind1="0" tag="425"><subfield code="a">1994</subfield></datafield><datafield ind2="1" ind1="0" tag="519"><subfield code="a">Aachen, Fachhochschule, Diplomarbeit, 1994</subfield></datafield></record>