<record format="MarcXchange" type="Bibliographic"><leader>00000     2200000   000 </leader><controlfield tag="001">302620</controlfield><controlfield tag="002">10.01.2012</controlfield><controlfield tag="003">10.01.2012</controlfield><datafield ind2="1" ind1="0" tag="014"><subfield code="a">61 EU 11-58</subfield></datafield><datafield ind2="1" ind1="0" tag="015"><subfield code="a">ger</subfield></datafield><datafield ind2="1" ind1="0" tag="029"><subfield code="a">06</subfield></datafield><datafield ind2="1" ind1="0" tag="100"><subfield code="a">Al-Shaar, Nabil</subfield></datafield><datafield ind2="1" ind1="0" tag="101"><subfield code="a">Kuperjans, Isabel [Betreuer]</subfield></datafield><datafield ind2="1" ind1="0" tag="331"><subfield code="a">Konstruktion eines Versuchsstands und experimentelle Analyse</subfield></datafield><datafield ind2=" " ind1="0" tag="359"><subfield code="a">in Zusammenarbeit mit: RWTH Aachen/Lehrstuhl für Wärme- und Stoffübertragung (Dr.-Ing. D. Martin)</subfield></datafield><datafield ind2=" " ind1="0" tag="425"><subfield code="a">2011</subfield></datafield><datafield ind2="1" ind1="0" tag="519"><subfield code="a">Aachen, FH, Diplomarbeit, 2012</subfield></datafield></record>