<record format="MarcXchange" type="Bibliographic"><leader>00000     2200000   000 </leader><controlfield tag="001">248758</controlfield><controlfield tag="002">27.02.2009</controlfield><controlfield tag="003">27.02.2009</controlfield><datafield ind2="1" ind1="0" tag="014"><subfield code="a">61 C 08/09-20</subfield></datafield><datafield ind2="1" ind1="0" tag="015"><subfield code="a">ger</subfield></datafield><datafield ind2="1" ind1="0" tag="029"><subfield code="a">06</subfield></datafield><datafield ind2="1" ind1="0" tag="100"><subfield code="a">Alter, Philipp</subfield></datafield><datafield ind2="1" ind1="0" tag="101"><subfield code="a">Baumann, Marcus [Betreuer]</subfield></datafield><datafield ind2="1" ind1="0" tag="331"><subfield code="a">Effekte von kurzen Lichtpulsen auf Photosynthese und Wachstum in Arabidopsis thaliana</subfield></datafield><datafield ind2=" " ind1="0" tag="359"><subfield code="a">in Zusammenarbeit mit: Forschungszentrum Jülich/Institut für Chemie und Dynamik der Geosphäre 3 (Phytosphäre) (Dr. Shizue Matsubara)</subfield></datafield><datafield ind2=" " ind1="0" tag="425"><subfield code="a">208</subfield></datafield><datafield ind2="1" ind1="0" tag="519"><subfield code="a">Aachen, FH, Diplomarbeit, 2008</subfield></datafield></record>