<record format="MarcXchange" type="Bibliographic"><leader>00000     2200000   000 </leader><controlfield tag="001">252167</controlfield><controlfield tag="002">15.05.2009</controlfield><datafield ind2="1" ind1="0" tag="014"><subfield code="a">61 C 09-06</subfield></datafield><datafield ind2="1" ind1="0" tag="015"><subfield code="a">eng</subfield></datafield><datafield ind2="1" ind1="0" tag="029"><subfield code="a">06</subfield></datafield><datafield ind2="1" ind1="0" tag="100"><subfield code="a">Alzen, Nils</subfield></datafield><datafield ind2="1" ind1="0" tag="101"><subfield code="a">Kotter, Michael [Betreuer]</subfield></datafield><datafield ind2="1" ind1="0" tag="331"><subfield code="a">Reduktion von Wasserrückständen im Herstellungsprozess von Autoglas</subfield></datafield><datafield ind2=" " ind1="0" tag="359"><subfield code="a">in Zusammenarbeit mit: Saint Gobain SEKURIT Deutschland GmbH &amp; Co KG, Werk Herzogenrath (Dipl.-Ing. (FH) René Krieger)</subfield></datafield><datafield ind2=" " ind1="0" tag="425"><subfield code="a">2009</subfield></datafield><datafield ind2="1" ind1="0" tag="519"><subfield code="a">Aachen, FH, Diplomarbeit, 2009</subfield></datafield><datafield ind2="1" ind1="0" tag="600"><subfield code="a">für immer unter Verschluss</subfield></datafield></record>