<record format="MarcXchange" type="Bibliographic"><leader>00000     2200000   000 </leader><controlfield tag="001">288206</controlfield><controlfield tag="002">19.04.2011</controlfield><controlfield tag="003">21.11.2012</controlfield><datafield ind2="1" ind1="0" tag="014"><subfield code="a">61 P 10/11-66B</subfield></datafield><datafield ind2="1" ind1="0" tag="015"><subfield code="a">ger</subfield></datafield><datafield ind2="1" ind1="0" tag="029"><subfield code="a">06</subfield></datafield><datafield ind2="1" ind1="0" tag="100"><subfield code="a">Andrich, Christian</subfield></datafield><datafield ind2="1" ind1="0" tag="101"><subfield code="a">Pflug, Hans-Joachim [Betreuer]</subfield></datafield><datafield ind2="1" ind1="0" tag="331"><subfield code="a">Implementierung von Monte-Carlo-Simulationen für ökologische Simulationsmodelle mittels HPC-/Cloud-Diensten</subfield></datafield><datafield ind2=" " ind1="0" tag="425"><subfield code="a">2011</subfield></datafield><datafield ind2="1" ind1="0" tag="519"><subfield code="a">Aachen, FH, Bachelorarbeit, 2011</subfield></datafield></record>