<record format="MarcXchange" type="Bibliographic"><leader>00000     2200000   000 </leader><controlfield tag="001">450696</controlfield><controlfield tag="002">15.10.2013</controlfield><controlfield tag="003">15.10.2013</controlfield><datafield ind2="1" ind1="0" tag="014"><subfield code="a">61 C 13-27M</subfield></datafield><datafield ind2="1" ind1="0" tag="015"><subfield code="a">ger</subfield></datafield><datafield ind2="1" ind1="0" tag="029"><subfield code="a">06</subfield></datafield><datafield ind2="1" ind1="0" tag="100"><subfield code="a">Awakian, Sevag</subfield></datafield><datafield ind2="1" ind1="0" tag="101"><subfield code="a">Möginger, Bernhard [Betreuer]</subfield></datafield><datafield ind2="1" ind1="0" tag="331"><subfield code="a">Verbesserung der Hafteigenschaften zwischen Thermoplastischen Elastomeren (TPE) und Metallen über die Einarbeitung von Silanen als Haftvermittler</subfield></datafield><datafield ind2=" " ind1="0" tag="359"><subfield code="a">in Zusammenarbeit mit: RWTH Aachen/Institut für Kunststoffverarbeitung (IKV) (Prof. Dr.-Ing. Christian Hopmann)</subfield></datafield><datafield ind2=" " ind1="0" tag="425"><subfield code="a">2013</subfield></datafield><datafield ind2="1" ind1="0" tag="519"><subfield code="a">Aachen, FH, Masterarbeit, 2013</subfield></datafield><datafield ind2="1" ind1="0" tag="600"><subfield code="a">für immer unter Verschluss</subfield></datafield></record>