<record format="MarcXchange" type="Bibliographic"><leader>00000     2200000   000 </leader><controlfield tag="001">249203</controlfield><controlfield tag="002">19.03.2009</controlfield><controlfield tag="003">19.03.2009</controlfield><datafield ind2="1" ind1="0" tag="014"><subfield code="a">61 KT 08/09-27</subfield></datafield><datafield ind2="1" ind1="0" tag="015"><subfield code="a">ger</subfield></datafield><datafield ind2="1" ind1="0" tag="029"><subfield code="a">06</subfield></datafield><datafield ind2="1" ind1="0" tag="100"><subfield code="a">Baggemann, Johannes</subfield></datafield><datafield ind2="1" ind1="0" tag="101"><subfield code="a">Hoyler, Friedrich [Betreuer]</subfield></datafield><datafield ind2="1" ind1="0" tag="331"><subfield code="a">CFX-Simulation der Thermohydraulik bei der Nasslagerung eines Brennelements aus einem Forschungreaktor</subfield></datafield><datafield ind2=" " ind1="0" tag="359"><subfield code="a">in Zusammenarbeit mit: Forschungszentrum Jülich GmbH/Institut für Sicherheitsforschung und Reaktortechnik (IEF-6) (Prof. Dr. rer. nat. Hans-Josef Allelein)</subfield></datafield><datafield ind2=" " ind1="0" tag="425"><subfield code="a">2009</subfield></datafield><datafield ind2="1" ind1="0" tag="519"><subfield code="a">Aachen, FH, Diplomarbeit, 2009</subfield></datafield></record>