<record format="MarcXchange" type="Bibliographic"><leader>00000     2200000   000 </leader><controlfield tag="001">263644</controlfield><controlfield tag="002">16.03.2010</controlfield><controlfield tag="003">07.01.2014</controlfield><datafield ind2="1" ind1="0" tag="014"><subfield code="a">61 P 09/10-57B</subfield></datafield><datafield ind2="1" ind1="0" tag="015"><subfield code="a">ger</subfield></datafield><datafield ind2="1" ind1="0" tag="029"><subfield code="a">06</subfield></datafield><datafield ind2="1" ind1="0" tag="100"><subfield code="a">Bami, Youness</subfield></datafield><datafield ind2="1" ind1="0" tag="101"><subfield code="a">Hanrath, Wilhelm [Betreuer]</subfield></datafield><datafield ind2="1" ind1="0" tag="331"><subfield code="a">Programmierung eines Datenbank-Generators für die Gießsimulation</subfield></datafield><datafield ind2=" " ind1="0" tag="359"><subfield code="a">in Zusammenarbeit mit: Access e. V. (Dr. rer. nat. Fredy Hediger)</subfield></datafield><datafield ind2=" " ind1="0" tag="425"><subfield code="a">2010</subfield></datafield><datafield ind2="1" ind1="0" tag="519"><subfield code="a">Aachen, FH, Bachelorarbeit, 2010</subfield></datafield><datafield ind2="1" ind1="0" tag="600"><subfield code="a">freigegeben 1401</subfield></datafield></record>