<record format="MarcXchange" type="Bibliographic"><leader>00000     2200000   000 </leader><controlfield tag="001">508196</controlfield><controlfield tag="002">22.09.2014</controlfield><datafield ind2="1" ind1="0" tag="014"><subfield code="a">61 C 14-23B</subfield></datafield><datafield ind2="1" ind1="0" tag="015"><subfield code="a">ger</subfield></datafield><datafield ind2="1" ind1="0" tag="029"><subfield code="a">06</subfield></datafield><datafield ind2="1" ind1="0" tag="100"><subfield code="a">Banek, Niels</subfield></datafield><datafield ind2="1" ind1="0" tag="101"><subfield code="a">Janzik, Ingar</subfield></datafield><datafield ind2="1" ind1="0" tag="331"><subfield code="a">Einfluss der Nachttemperatur auf das diurnale Blattwachstum von Arabidopsis thaliana</subfield></datafield><datafield ind2=" " ind1="0" tag="359"><subfield code="a">in Zusammenarbeit mit: Forschungszentrum Jülich/Institut für Bio- und Geowissenschaften; Pflanzenwissenschaften (IbG-2) (Dr. Anika Wiese-Klinkenberg)</subfield></datafield><datafield ind2=" " ind1="0" tag="425"><subfield code="a">2014</subfield></datafield><datafield ind2="1" ind1="0" tag="519"><subfield code="a">Aachen, FH, Bachelorarbeit, 2014</subfield></datafield></record>