<record format="MarcXchange" type="Bibliographic"><leader>00000     2200000   000 </leader><controlfield tag="001">296378</controlfield><controlfield tag="002">15.09.2011</controlfield><datafield ind2="1" ind1="0" tag="014"><subfield code="a">61 EU 11-11B</subfield></datafield><datafield ind2="1" ind1="0" tag="015"><subfield code="a">ger</subfield></datafield><datafield ind2="1" ind1="0" tag="029"><subfield code="a">06</subfield></datafield><datafield ind2="1" ind1="0" tag="100"><subfield code="a">Bartholomäus, Tino</subfield></datafield><datafield ind2="1" ind1="0" tag="101"><subfield code="a">Brüssermann, Klaus [Betreuer]</subfield></datafield><datafield ind2="1" ind1="0" tag="331"><subfield code="a">Untersuchung des NOx-Minderungspotentials von Rauchgasrezirkulation an braunkohlebefeuerten Großkraftwerksblöcken</subfield></datafield><datafield ind2=" " ind1="0" tag="359"><subfield code="a">in Zusammenareit mit: RWE Power AG (Dipl.-Ing. Rudolph Schiebahn)</subfield></datafield><datafield ind2=" " ind1="0" tag="425"><subfield code="a">2011</subfield></datafield><datafield ind2="1" ind1="0" tag="519"><subfield code="a">Aachen, FH, Bachelorarbeit, 2011</subfield></datafield><datafield ind2="1" ind1="0" tag="600"><subfield code="a">für immer unter Verschluss</subfield></datafield></record>