<record format="MarcXchange" type="Bibliographic"><leader>00000     2200000   000 </leader><controlfield tag="001">269061</controlfield><controlfield tag="002">04.05.2010</controlfield><controlfield tag="003">04.05.2010</controlfield><datafield ind2="1" ind1="0" tag="014"><subfield code="a">61 C 10-01</subfield></datafield><datafield ind2="1" ind1="0" tag="015"><subfield code="a">ger</subfield></datafield><datafield ind2="1" ind1="0" tag="029"><subfield code="a">06</subfield></datafield><datafield ind2="1" ind1="0" tag="100"><subfield code="a">Barton, Annemarie</subfield></datafield><datafield ind2="1" ind1="0" tag="101"><subfield code="a">Ruttkowski, Edeltraud [Betreuer]</subfield></datafield><datafield ind2="1" ind1="0" tag="331"><subfield code="a">Genetische Analyse des M-Banden-Proteins Myomesin 2 bei Kardiomyopathien</subfield></datafield><datafield ind2=" " ind1="0" tag="359"><subfield code="a">in Zusammenarbeit mit: Charité-Universitätsmedizin Berlin/Experimental and Clinical Research Centre (ECRC) (Dipl.-Ing. A. Perrot)</subfield></datafield><datafield ind2=" " ind1="0" tag="425"><subfield code="a">2010</subfield></datafield><datafield ind2="1" ind1="0" tag="519"><subfield code="a">Aachen, FH, Diplomarbeit, 2010</subfield></datafield></record>