<record format="MarcXchange" type="Bibliographic"><leader>00000     2200000   000 </leader><controlfield tag="001">279799</controlfield><controlfield tag="002">24.11.2010</controlfield><datafield ind2="1" ind1="0" tag="014"><subfield code="a">61 EU 10/11-07</subfield></datafield><datafield ind2="1" ind1="0" tag="015"><subfield code="a">eng</subfield></datafield><datafield ind2="1" ind1="0" tag="029"><subfield code="a">06</subfield></datafield><datafield ind2="1" ind1="0" tag="100"><subfield code="a">Bassil, Nabil</subfield></datafield><datafield ind2="1" ind1="0" tag="101"><subfield code="a">Müller, Burghard [Betreuer]</subfield></datafield><datafield ind2="1" ind1="0" tag="331"><subfield code="a">Finite Element Analysis of Buried T-shaped Pipeline under Internal Pressure, Thermal and Static Loads</subfield></datafield><datafield ind2=" " ind1="0" tag="359"><subfield code="a">in Zusammenarbeit mit: Technip GmbH, Düsseldorf (Dr. rer. nat. Konrad Peters)</subfield></datafield><datafield ind2=" " ind1="0" tag="425"><subfield code="a">2010</subfield></datafield><datafield ind2="1" ind1="0" tag="519"><subfield code="a">Aachen, FH, Diplomarbeit, 2010</subfield></datafield></record>