<record format="MarcXchange" type="Bibliographic"><leader>00000     2200000   000 </leader><controlfield tag="001">258334</controlfield><controlfield tag="002">21.10.2009</controlfield><controlfield tag="003">21.10.2009</controlfield><datafield ind2="1" ind1="0" tag="014"><subfield code="a">61 P 09-54B</subfield></datafield><datafield ind2="1" ind1="0" tag="015"><subfield code="a">ger</subfield></datafield><datafield ind2="1" ind1="0" tag="029"><subfield code="a">06</subfield></datafield><datafield ind2="1" ind1="0" tag="100"><subfield code="a">Baukloh, Nora</subfield></datafield><datafield ind2="1" ind1="0" tag="101"><subfield code="a">Terstegge, Andreas [Betreuer]</subfield></datafield><datafield ind2="1" ind1="0" tag="331"><subfield code="a">Entwicklung dynamischer, in das SAS-Berichtsportal des UKA integrierter Weboberflächen zur Buchung und internen Abrechnung von klinischen Ressourcen</subfield></datafield><datafield ind2=" " ind1="0" tag="425"><subfield code="a">2009</subfield></datafield><datafield ind2="1" ind1="0" tag="519"><subfield code="a">Aachen, FH, Bachelorarbeit, 2009</subfield></datafield></record>