<record format="MarcXchange" type="Bibliographic"><leader>00000     2200000   000 </leader><controlfield tag="001">450064</controlfield><controlfield tag="002">07.10.2013</controlfield><datafield ind2="1" ind1="0" tag="014"><subfield code="a">61 C 13-15B</subfield></datafield><datafield ind2="1" ind1="0" tag="015"><subfield code="a">ger</subfield></datafield><datafield ind2="1" ind1="0" tag="029"><subfield code="a">06</subfield></datafield><datafield ind2="1" ind1="0" tag="100"><subfield code="a">Baum, Sarah</subfield></datafield><datafield ind2="1" ind1="0" tag="101"><subfield code="a">Scherer, Ulrich [Betreuer]</subfield></datafield><datafield ind2="1" ind1="0" tag="331"><subfield code="a">Radiochemische Untersuchungen der kritischen Reaktionsparameter bei der Darstellung der Fettsäure 14-(R,S)-[18F]Fluor-6-thia-heptadecansäure</subfield></datafield><datafield ind2=" " ind1="0" tag="359"><subfield code="a">in Zusammenarbeit mit: Uniklinikum  RWTH Aachen/Klinikum für Nuklearmedizin (Dr. Andreas Vogg)</subfield></datafield><datafield ind2=" " ind1="0" tag="425"><subfield code="a">2013</subfield></datafield><datafield ind2="1" ind1="0" tag="519"><subfield code="a">Aachen, FH, Bachelorarbeit, 2013</subfield></datafield></record>