<record format="MarcXchange" type="Bibliographic"><leader>00000     2200000   000 </leader><controlfield tag="001">249144</controlfield><controlfield tag="002">17.03.2009</controlfield><controlfield tag="003">19.03.2009</controlfield><datafield ind2="1" ind1="0" tag="014"><subfield code="a">61 EU 08/09-19</subfield></datafield><datafield ind2="1" ind1="0" tag="015"><subfield code="a">ger</subfield></datafield><datafield ind2="1" ind1="0" tag="029"><subfield code="a">06</subfield></datafield><datafield ind2="1" ind1="0" tag="100"><subfield code="a">Baumeister, Philipp</subfield></datafield><datafield ind2="1" ind1="0" tag="101"><subfield code="a">Lauter, Herbert [Betreuer]</subfield></datafield><datafield ind2="1" ind1="0" tag="331"><subfield code="a">Experimentelle Untersuchungen zur Reduzierung der Stickoxidemissionen mithilfe der SCR-Technologie an magerbetriebenen direkteinspritzenden Otto-Motoren</subfield></datafield><datafield ind2=" " ind1="0" tag="359"><subfield code="a">in Zusammenarbeit mit: RWTH Aachen/Lehrstuhl für Verbrennungskraftmaschinen (Dipl.-Ing. Christian Keysselitz)</subfield></datafield><datafield ind2=" " ind1="0" tag="425"><subfield code="a">2008</subfield></datafield><datafield ind2="1" ind1="0" tag="519"><subfield code="a">Aachen, FH, Diplomarbeit, 2008</subfield></datafield><datafield ind2="1" ind1="0" tag="600"><subfield code="a">für immer unter Verschluss</subfield></datafield></record>