<record format="MarcXchange" type="Bibliographic"><leader>00000     2200000   000 </leader><controlfield tag="001">277296</controlfield><controlfield tag="002">15.09.2010</controlfield><controlfield tag="003">15.09.2010</controlfield><datafield ind2="1" ind1="0" tag="014"><subfield code="a">61 BMT 10-53B</subfield></datafield><datafield ind2="1" ind1="0" tag="015"><subfield code="a">ger</subfield></datafield><datafield ind2="1" ind1="0" tag="029"><subfield code="a">06</subfield></datafield><datafield ind2="1" ind1="0" tag="100"><subfield code="a">Berg, Lucie</subfield></datafield><datafield ind2="1" ind1="0" tag="101"><subfield code="a">Weber, Hans-Joachim [Betreuer]</subfield></datafield><datafield ind2="1" ind1="0" tag="331"><subfield code="a">Untersuchung des Bilanzierungssystems einer Dialysemaschine und Erarbeitung alternativer Lösungen zur Ultrafiltrationssteuerung</subfield></datafield><datafield ind2=" " ind1="0" tag="359"><subfield code="a">in Zusammenarbeit mit: B.Braun Avitum AG, Melsungen/Abteilung Konstruktion Research &amp; Development (Dipl.-Ing. Björn Bröker)</subfield></datafield><datafield ind2=" " ind1="0" tag="425"><subfield code="a">2010</subfield></datafield><datafield ind2="1" ind1="0" tag="519"><subfield code="a">Aachen, FH, Bachelorarbeit, 2010</subfield></datafield><datafield ind2="1" ind1="0" tag="600"><subfield code="a">unter Verschluss bis 2020</subfield></datafield></record>