<record format="MarcXchange" type="Bibliographic"><leader>00000     2200000   000 </leader><controlfield tag="001">253874</controlfield><controlfield tag="002">17.06.2009</controlfield><controlfield tag="003">17.06.2009</controlfield><datafield ind2="1" ind1="0" tag="014"><subfield code="a">61 C 09-13M</subfield></datafield><datafield ind2="1" ind1="0" tag="015"><subfield code="a">ger</subfield></datafield><datafield ind2="1" ind1="0" tag="029"><subfield code="a">06</subfield></datafield><datafield ind2="1" ind1="0" tag="100"><subfield code="a">Bernardy, Patric</subfield></datafield><datafield ind2="1" ind1="0" tag="101"><subfield code="a">Rath, Walter [Betreuer]</subfield></datafield><datafield ind2="1" ind1="0" tag="331"><subfield code="a">Inbetriebnahme und Optimierung eines Pyrolyse-GC-IR-Systems</subfield></datafield><datafield ind2=" " ind1="0" tag="359"><subfield code="a">in Zusammenarbeit mit: RWTH Aachen/Zentrum für Kunststoffanalyse und -prüfung (KAP) ; Institut fürKunststoffverarbeitung (Dr. rer. nat. R. Dahlmann)</subfield></datafield><datafield ind2=" " ind1="0" tag="425"><subfield code="a">2009</subfield></datafield><datafield ind2="1" ind1="0" tag="519"><subfield code="a">Aachen, FH, Masterarbeit, 2009</subfield></datafield></record>