<record format="MarcXchange" type="Bibliographic"><leader>00000     2200000   000 </leader><controlfield tag="001">498865</controlfield><controlfield tag="002">27.06.2014</controlfield><datafield ind2="1" ind1="0" tag="014"><subfield code="a">61 EU 14-12M</subfield></datafield><datafield ind2="1" ind1="0" tag="015"><subfield code="a">ger</subfield></datafield><datafield ind2="1" ind1="0" tag="029"><subfield code="a">06</subfield></datafield><datafield ind2="1" ind1="0" tag="100"><subfield code="a">Bettels, Florian</subfield></datafield><datafield ind2="1" ind1="0" tag="101"><subfield code="a">Neubauer, Boris [Betreuer]</subfield></datafield><datafield ind2="1" ind1="0" tag="331"><subfield code="a">Integraler Lösungsansatz zur Umgestaltung der Netznutzungsentgelsystematik unter Berücksichtigung der steigenden dezentralen Erzeugung</subfield></datafield><datafield ind2=" " ind1="0" tag="359"><subfield code="a">in Zusammenarbeit mit: Trianel GmbH/Unternehmensentwicklung (Tobias Plöger)</subfield></datafield><datafield ind2=" " ind1="0" tag="425"><subfield code="a">2014</subfield></datafield><datafield ind2="1" ind1="0" tag="519"><subfield code="a">Aachen, FH, Masterarbeit, 2014</subfield></datafield></record>