<record format="MarcXchange" type="Bibliographic"><leader>00000     2200000   000 </leader><controlfield tag="001">463422</controlfield><controlfield tag="002">15.11.2013</controlfield><datafield ind2="1" ind1="0" tag="014"><subfield code="a">61 P 13-94B</subfield></datafield><datafield ind2="1" ind1="0" tag="015"><subfield code="a">ger</subfield></datafield><datafield ind2="1" ind1="0" tag="029"><subfield code="a">06</subfield></datafield><datafield ind2="1" ind1="0" tag="100"><subfield code="a">Beule, Fabian</subfield></datafield><datafield ind2="1" ind1="0" tag="101"><subfield code="a">Hillen, Walter [Betreuer]</subfield></datafield><datafield ind2="1" ind1="0" tag="331"><subfield code="a">Erzeugung von synthetischen Bildern aus dreidimensionalen Transportsimulationen von Fusionsplasmen</subfield></datafield><datafield ind2=" " ind1="0" tag="359"><subfield code="a">in Zusammenarbeit mit: Forschungszentrum Jülich GmbH/Institut für Energie und Klimaforschung 4 (IEK-4) (Petra Börner)</subfield></datafield><datafield ind2=" " ind1="0" tag="425"><subfield code="a">2013</subfield></datafield><datafield ind2="1" ind1="0" tag="519"><subfield code="a">Aachen, FH, Bachelorarbeit, 2013</subfield></datafield></record>