<record format="MarcXchange" type="Bibliographic"><leader>00000     2200000   000 </leader><controlfield tag="001">15519</controlfield><controlfield tag="002">10.04.1989</controlfield><controlfield tag="003">19.12.2008</controlfield><datafield ind2="1" ind1="9" tag="905"><subfield code="a">75/0002628</subfield></datafield><datafield ind2="1" ind1="9" tag="909"><subfield code="a">HBZ</subfield></datafield><datafield ind2="1" ind1="0" tag="010"><subfield code="a">HT000486937</subfield></datafield><datafield ind2="1" ind1="0" tag="011"><subfield code="a">LL005055019</subfield></datafield><datafield ind2="1" ind1="0" tag="014"><subfield code="a">11 WWJ 61</subfield></datafield><datafield ind2="1" ind1="0" tag="015"><subfield code="a">ger</subfield></datafield><datafield ind2=" " ind1="0" tag="027"><subfield code="a">V</subfield></datafield><datafield ind2="1" ind1="0" tag="035"><subfield code="a">DE</subfield></datafield><datafield ind2=" " ind1="0" tag="036"><subfield code="a">m</subfield></datafield><datafield ind2=" " ind1="0" tag="038"><subfield code="a">y</subfield></datafield><datafield ind2="1" ind1="0" tag="100"><subfield code="a">Blauert, Brigitte</subfield></datafield><datafield ind2="1" ind1="0" tag="331"><subfield code="a">Ermittlung des Flächenbedarfs von Hochschulbibliotheken</subfield></datafield><datafield ind2=" " ind1="0" tag="359"><subfield code="a">vorgelegt von Brigitte Blauert, geb. Raape</subfield></datafield><datafield ind2=" " ind1="0" tag="425"><subfield code="a">1974</subfield></datafield><datafield ind2="1" ind1="0" tag="433"><subfield code="a">151 S. : Ill., graph. Darst.</subfield></datafield><datafield ind2="1" ind1="0" tag="519"><subfield code="a">Aachen, Techn. Hochsch., Diss. 1974</subfield></datafield><datafield ind2="1" ind1="0" tag="606"><subfield code="a">Pr</subfield></datafield><datafield ind2="1" ind1="0" tag="700"><subfield code="a">WWJ</subfield></datafield><datafield ind2=" " ind1="0" tag="800"><subfield code="a">a</subfield></datafield><datafield ind2="1" ind1="1" tag="024"><subfield code="a">a|a|||||||||||</subfield></datafield><datafield ind2="2" ind1="1" tag="024"><subfield code="a">a|a||||||||</subfield></datafield><datafield ind2="1" ind1="1" tag="672"><subfield code="a">Aachen</subfield></datafield><datafield ind2="1" ind1="1" tag="675"><subfield code="a">2027976-0</subfield></datafield></record>