<record format="MarcXchange" type="Bibliographic"><leader>00000     2200000   000 </leader><controlfield tag="001">297509</controlfield><controlfield tag="002">14.10.2011</controlfield><datafield ind2="1" ind1="0" tag="014"><subfield code="a">61 P 11-58B</subfield></datafield><datafield ind2="1" ind1="0" tag="015"><subfield code="a">ger</subfield></datafield><datafield ind2="1" ind1="0" tag="029"><subfield code="a">06</subfield></datafield><datafield ind2="1" ind1="0" tag="100"><subfield code="a">Böckmann, Bernd</subfield></datafield><datafield ind2="1" ind1="0" tag="101"><subfield code="a">Terstegge, Andreas [Betreuer]</subfield></datafield><datafield ind2="1" ind1="0" tag="331"><subfield code="a">Entwurf einer Sofware zur Ermittlung von Evakuierungszeiten mittels zeitdiskreter Simulationen</subfield></datafield><datafield ind2=" " ind1="0" tag="359"><subfield code="a">in Zusammenarbeit mit: RWTH Aachen/Lehrstuhl für Wasserbau und Wasserwirtschaft (Dipl.-Ing. Daniel Bachmann)</subfield></datafield><datafield ind2=" " ind1="0" tag="425"><subfield code="a">2011</subfield></datafield><datafield ind2="1" ind1="0" tag="519"><subfield code="a">Aachen, FH, Bachelorarbeit, 2011</subfield></datafield></record>