<record format="MarcXchange" type="Bibliographic"><leader>00000     2200000   000 </leader><controlfield tag="001">263596</controlfield><controlfield tag="002">15.03.2010</controlfield><controlfield tag="003">15.03.2010</controlfield><datafield ind2="1" ind1="0" tag="014"><subfield code="a">61 C 09/10-51B</subfield></datafield><datafield ind2="1" ind1="0" tag="015"><subfield code="a">ger</subfield></datafield><datafield ind2="1" ind1="0" tag="029"><subfield code="a">06</subfield></datafield><datafield ind2="1" ind1="0" tag="100"><subfield code="a">Böhm, Julia-Katharina</subfield></datafield><datafield ind2="1" ind1="0" tag="101"><subfield code="a">Ruttkowski, Edeltraud [Betreuer]</subfield></datafield><datafield ind2="1" ind1="0" tag="331"><subfield code="a">Vergleichende Charakterisierung der MHV-68-Infektion gealterter BALB/c-Mäusen</subfield></datafield><datafield ind2=" " ind1="0" tag="359"><subfield code="a">in Zusammenarbeit mit: Universitätsklinikum Aachen/Institut für Medizinische Mikrobiologie ; Lehr- und Forschungsgebiet Virologie (PD. Dr. M. Kleines)</subfield></datafield><datafield ind2=" " ind1="0" tag="425"><subfield code="a">2010</subfield></datafield><datafield ind2="1" ind1="0" tag="519"><subfield code="a">Aachen, FH, Bachelorarbeit, 2010</subfield></datafield></record>