<record format="MarcXchange" type="Bibliographic"><leader>00000     2200000   000 </leader><controlfield tag="001">258326</controlfield><controlfield tag="002">21.10.2009</controlfield><datafield ind2="1" ind1="0" tag="014"><subfield code="a">61 C 09-38</subfield></datafield><datafield ind2="1" ind1="0" tag="015"><subfield code="a">eng</subfield></datafield><datafield ind2="1" ind1="0" tag="029"><subfield code="a">06</subfield></datafield><datafield ind2="1" ind1="0" tag="100"><subfield code="a">Bonar, David</subfield></datafield><datafield ind2="1" ind1="0" tag="101"><subfield code="a">Baumann, Marcus [Betreuer]</subfield></datafield><datafield ind2="1" ind1="0" tag="331"><subfield code="a">Stress dependent adaptiation of the mammalian ubiquitin-proteasome-system conferred by posttranslational modification of the proteasome with O-linked Beta-N-acetyl-glucosamine</subfield></datafield><datafield ind2=" " ind1="0" tag="359"><subfield code="a">in Zusammenarbeit mit: Charité, Humboldt Universität zu Berlin/Institut für Biochemie (Dr. rer. nat. Ulrike Kuckelkorn)</subfield></datafield><datafield ind2=" " ind1="0" tag="425"><subfield code="a">2009</subfield></datafield><datafield ind2="1" ind1="0" tag="519"><subfield code="a">Aachen, FH, Diplomarbeit, 2009</subfield></datafield></record>