<record format="MarcXchange" type="Bibliographic"><leader>00000     2200000   000 </leader><controlfield tag="001">297701</controlfield><controlfield tag="002">17.10.2011</controlfield><controlfield tag="003">18.10.2011</controlfield><datafield ind2="1" ind1="0" tag="014"><subfield code="a">61 BMT 11-74B</subfield></datafield><datafield ind2="1" ind1="0" tag="015"><subfield code="a">ger</subfield></datafield><datafield ind2="1" ind1="0" tag="029"><subfield code="a">06</subfield></datafield><datafield ind2="1" ind1="0" tag="100"><subfield code="a">Borgmann, Anna</subfield></datafield><datafield ind2="1" ind1="0" tag="101"><subfield code="a">Weber, Hans-Joachim [Betreuer]</subfield></datafield><datafield ind2="1" ind1="0" tag="331"><subfield code="a">Neue Herstellungsmethoden für autologe Herzklappen mit den Sinus valsalve mittels Tissue Engineering</subfield></datafield><datafield ind2=" " ind1="0" tag="359"><subfield code="a">in Zusammenarbeit mit: Helmholtz-Institut für angewandte Medizintechnik, Aachen (Univ.-Prof. Dr. med. Stefan Jockenhövel)</subfield></datafield><datafield ind2=" " ind1="0" tag="425"><subfield code="a">2011</subfield></datafield><datafield ind2="1" ind1="0" tag="519"><subfield code="a">Aachen, FH, Bachelorarbeit, 2011</subfield></datafield></record>