<record format="MarcXchange" type="Bibliographic"><leader>00000     2200000   000 </leader><controlfield tag="001">410444</controlfield><controlfield tag="002">31.01.2013</controlfield><controlfield tag="003">31.01.2013</controlfield><datafield ind2="1" ind1="0" tag="014"><subfield code="a">61 C 12/13-06B</subfield></datafield><datafield ind2="1" ind1="0" tag="015"><subfield code="a">ger</subfield></datafield><datafield ind2="1" ind1="0" tag="029"><subfield code="a">06</subfield></datafield><datafield ind2="1" ind1="0" tag="100"><subfield code="a">Brandhofer, Markus</subfield></datafield><datafield ind2="1" ind1="0" tag="101"><subfield code="a">Janzik, Ingar [Betreuer]</subfield></datafield><datafield ind2="1" ind1="0" tag="331"><subfield code="a">Erzeugung und Charakterisierung von DHS-Überexpressionsplanzen (Arabidopsis thaliana (L.) Heynh.)</subfield></datafield><datafield ind2=" " ind1="0" tag="359"><subfield code="a">in Zusammenarbeit mit: Forschungszentrum Jülich/Institut für Bio- und Geowissenschaften (IBG) Pflanzenwissenschaften IBG-2) (Dr. Anika Wiese-Klinkenberg)</subfield></datafield><datafield ind2=" " ind1="0" tag="425"><subfield code="a">2012</subfield></datafield><datafield ind2="1" ind1="0" tag="519"><subfield code="a">Aachen, FH, Bachelorarbeit, 2013</subfield></datafield></record>