<record format="MarcXchange" type="Bibliographic"><leader>00000     2200000   000 </leader><controlfield tag="001">258329</controlfield><controlfield tag="002">21.10.2009</controlfield><controlfield tag="003">12.03.2012</controlfield><datafield ind2="1" ind1="0" tag="014"><subfield code="a">61 EU 08/09-37</subfield></datafield><datafield ind2="1" ind1="0" tag="015"><subfield code="a">ger</subfield></datafield><datafield ind2="1" ind1="0" tag="029"><subfield code="a">06</subfield></datafield><datafield ind2="1" ind1="0" tag="100"><subfield code="a">Brose, Sascha</subfield></datafield><datafield ind2="1" ind1="0" tag="101"><subfield code="a">Lauter, Herbert [Betreuer]</subfield></datafield><datafield ind2="1" ind1="0" tag="331"><subfield code="a">Experimentelle Untersuchungen zur Adaption von Zeilendetektoren für Anwendungen extrem ultravioletter Strahlung</subfield></datafield><datafield ind2=" " ind1="0" tag="359"><subfield code="a">In Zusammenarbeit mit: Fraunhofer-Institut für Lasertechnik, Aachen (Dr. rer. nat. L. Juschkin)</subfield></datafield><datafield ind2=" " ind1="0" tag="425"><subfield code="a">2008</subfield></datafield><datafield ind2="1" ind1="0" tag="519"><subfield code="a">Aachen, FH, Diplomarbeit, 2008</subfield></datafield><datafield ind2="1" ind1="0" tag="600"><subfield code="a">freigegeben 1203</subfield></datafield></record>