<record format="MarcXchange" type="Bibliographic"><leader>00000     2200000   000 </leader><controlfield tag="001">299400</controlfield><controlfield tag="002">09.11.2011</controlfield><datafield ind2="1" ind1="0" tag="014"><subfield code="a">61 C 11-36B</subfield></datafield><datafield ind2="1" ind1="0" tag="015"><subfield code="a">ger</subfield></datafield><datafield ind2="1" ind1="0" tag="029"><subfield code="a">06</subfield></datafield><datafield ind2="1" ind1="0" tag="100"><subfield code="a">Brysch, Thomas</subfield></datafield><datafield ind2="1" ind1="0" tag="101"><subfield code="a">Lassonczyk, Beate [Betreuer]</subfield></datafield><datafield ind2="1" ind1="0" tag="331"><subfield code="a">Untersuchung des Arsentransfers aus einer geogenen Quelle in Boden, Pflanze und Mensch</subfield></datafield><datafield ind2=" " ind1="0" tag="359"><subfield code="a">in Zusammenarbeit mit: ALF Analytisches Labor Fölsing (Peter Fölsing)</subfield></datafield><datafield ind2=" " ind1="0" tag="425"><subfield code="a">2011</subfield></datafield><datafield ind2="1" ind1="0" tag="519"><subfield code="a">Aachen, FH, Bachelorarbeit, 2011</subfield></datafield></record>