<record format="MarcXchange" type="Bibliographic"><leader>00000     2200000   000 </leader><controlfield tag="001">258768</controlfield><controlfield tag="002">29.10.2009</controlfield><controlfield tag="003">27.04.2012</controlfield><datafield ind2="1" ind1="0" tag="014"><subfield code="a">61 P 09-78M</subfield></datafield><datafield ind2="1" ind1="0" tag="015"><subfield code="a">ger</subfield></datafield><datafield ind2="1" ind1="0" tag="029"><subfield code="a">06</subfield></datafield><datafield ind2="1" ind1="0" tag="100"><subfield code="a">Bücker, Oliver</subfield></datafield><datafield ind2="1" ind1="0" tag="101"><subfield code="a">Grotendorst, Johannes [Betreuer]</subfield></datafield><datafield ind2="1" ind1="0" tag="331"><subfield code="a">Parallelisierung der Nahfeldberechnung in der schnellen Multipolmethode für stark inhomogene Teilchensysteme</subfield></datafield><datafield ind2=" " ind1="0" tag="359"><subfield code="a">in Zusammenarbeit mit: Forschungszentrum Jülich GmbH/Jülich Supercomputing Centre (Ivo Kabadshow)</subfield></datafield><datafield ind2=" " ind1="0" tag="425"><subfield code="a">2009</subfield></datafield><datafield ind2="1" ind1="0" tag="519"><subfield code="a">Aachen, FH, Masterarbeit, 2009</subfield></datafield></record>