<record format="MarcXchange" type="Bibliographic"><leader>00000     2200000   000 </leader><controlfield tag="001">447902</controlfield><controlfield tag="002">23.09.2013</controlfield><datafield ind2="1" ind1="0" tag="014"><subfield code="a">61 C 13-09B</subfield></datafield><datafield ind2="1" ind1="0" tag="015"><subfield code="a">ger</subfield></datafield><datafield ind2="1" ind1="0" tag="029"><subfield code="a">06</subfield></datafield><datafield ind2="1" ind1="0" tag="100"><subfield code="a">Burdzik, Andrea</subfield></datafield><datafield ind2="1" ind1="0" tag="101"><subfield code="a">Feuerriegel, Uwe [Betreuer]</subfield></datafield><datafield ind2="1" ind1="0" tag="331"><subfield code="a">Fertigung von Brennstoffzellenelektroden</subfield></datafield><datafield ind2="1" ind1="0" tag="335"><subfield code="a">Untersuchung des Trocknungsverlaufes wässrig-alkoholischer Katalysatorschichten</subfield></datafield><datafield ind2=" " ind1="0" tag="359"><subfield code="a">in Zusammenarbeit mit:Forschungszetnrum Jülich GmbH/Institut für Energie- und Klimaforschung Elektrochemische Verfahrenstechnik (IEK-3) (Dr. rer. nat. Markus Stähler)</subfield></datafield><datafield ind2=" " ind1="0" tag="425"><subfield code="a">2013</subfield></datafield><datafield ind2="1" ind1="0" tag="519"><subfield code="a">Aachen, FH, Bachelorarbeit, 2013</subfield></datafield></record>