<record format="MarcXchange" type="Bibliographic"><leader>00000     2200000   000 </leader><controlfield tag="001">259037</controlfield><controlfield tag="002">04.11.2009</controlfield><controlfield tag="003">04.11.2009</controlfield><datafield ind2="1" ind1="0" tag="014"><subfield code="a">61 C 09-48</subfield></datafield><datafield ind2="1" ind1="0" tag="015"><subfield code="a">ger</subfield></datafield><datafield ind2="1" ind1="0" tag="029"><subfield code="a">06</subfield></datafield><datafield ind2="1" ind1="0" tag="100"><subfield code="a">Busch, Christian</subfield></datafield><datafield ind2="1" ind1="0" tag="101"><subfield code="a">Gerling, Ulrich [Betreuer]</subfield></datafield><datafield ind2="1" ind1="0" tag="331"><subfield code="a">TPM - Total Production Management</subfield></datafield><datafield ind2="1" ind1="0" tag="335"><subfield code="a">bundesweite Einführung eines Early-Equipment Managements am Beispiel der Installation eines Röntgenscanners im Werk Heilbronn</subfield></datafield><datafield ind2=" " ind1="0" tag="425"><subfield code="a">2009</subfield></datafield><datafield ind2="1" ind1="0" tag="519"><subfield code="a">Aachen, FH, Diplomarbeit, 2009</subfield></datafield></record>