<record format="MarcXchange" type="Bibliographic"><leader>00000     2200000   000 </leader><controlfield tag="001">121613</controlfield><controlfield tag="002">12.04.1994</controlfield><controlfield tag="003">21.10.2008</controlfield><datafield ind2="1" ind1="9" tag="904"><subfield code="a">145238</subfield></datafield><datafield ind2="1" ind1="9" tag="905"><subfield code="a">94/0000196</subfield></datafield><datafield ind2="1" ind1="9" tag="909"><subfield code="a">HBZ</subfield></datafield><datafield ind2="1" ind1="0" tag="010"><subfield code="a">HT004026242</subfield></datafield><datafield ind2="1" ind1="0" tag="011"><subfield code="a">LL003165623</subfield></datafield><datafield ind2="1" ind1="0" tag="014"><subfield code="a">61 XRW 83-11</subfield></datafield><datafield ind2=" " ind1="0" tag="027"><subfield code="a">V</subfield></datafield><datafield ind2=" " ind1="0" tag="036"><subfield code="a">s</subfield></datafield><datafield ind2=" " ind1="0" tag="038"><subfield code="a">y</subfield></datafield><datafield ind2="1" ind1="0" tag="100"><subfield code="a">Campo, Markus ¬a</subfield></datafield><datafield ind2="1" ind1="0" tag="331"><subfield code="a">Kollisionsvermeidung in einem Robotersimulationssystem</subfield></datafield><datafield ind2=" " ind1="0" tag="359"><subfield code="a">Markus a Campo</subfield></datafield><datafield ind2="1" ind1="0" tag="410"><subfield code="a">Braunschweig [u.a.]</subfield></datafield><datafield ind2="1" ind1="0" tag="412"><subfield code="a">Vieweg</subfield></datafield><datafield ind2=" " ind1="0" tag="425"><subfield code="a">1992</subfield></datafield><datafield ind2="1" ind1="0" tag="433"><subfield code="a">X, 128 S. : Ill., graph. Darst.</subfield></datafield><datafield ind2="1" ind1="0" tag="451"><subfield code="a">Fortschritte der Robotik ; 11</subfield></datafield><datafield ind2="1" ind1="0" tag="453"><subfield code="a">HT003326031</subfield></datafield><datafield ind2="1" ind1="0" tag="455"><subfield code="a">11</subfield></datafield><datafield ind2="1" ind1="0" tag="519"><subfield code="a">Zugl.: Aachen, Techn. Hochsch., Diss., 1991 u.d.T.: Campo, Markus a: Entwicklung eines Kollisionsvermeidungsmoduls in einem experimentellen Robotersimulationssystem</subfield></datafield><datafield ind2="1" ind1="0" tag="540"><subfield code="a">3-528-06456-0</subfield></datafield><datafield ind2="1" ind1="0" tag="542"><subfield code="a">kart. : DM 72.00</subfield></datafield><datafield ind2="1" ind1="0" tag="606"><subfield code="a">Bd</subfield></datafield><datafield ind2="1" ind1="0" tag="675"><subfield code="a">Entwicklung Kollisionsvermeidungsmoduls experimentellen</subfield></datafield><datafield ind2="1" ind1="0" tag="700"><subfield code="a">XRW</subfield></datafield><datafield ind2=" " ind1="0" tag="800"><subfield code="a">a</subfield></datafield><datafield ind2="1" ind1="0" tag="902"><subfield code="a">Industrieroboter</subfield></datafield><datafield ind2="2" ind1="0" tag="902"><subfield code="a">Kollisionsschutz</subfield></datafield><datafield ind2="3" ind1="0" tag="902"><subfield code="a">Simulation</subfield></datafield><datafield ind2="1" ind1="0" tag="903"><subfield code="a">213</subfield></datafield><datafield ind2="1" ind1="1" tag="024"><subfield code="a">a|a|||||||||||</subfield></datafield><datafield ind2="2" ind1="1" tag="024"><subfield code="a">a|a||||||||</subfield></datafield><datafield ind2="1" ind1="1" tag="672"><subfield code="a">Aachen</subfield></datafield></record>