<record format="MarcXchange" type="Bibliographic"><leader>00000     2200000   000 </leader><controlfield tag="001">400801</controlfield><controlfield tag="002">23.11.2012</controlfield><controlfield tag="003">23.11.2012</controlfield><datafield ind2="1" ind1="0" tag="014"><subfield code="a">61 P 12-60B</subfield></datafield><datafield ind2="1" ind1="0" tag="015"><subfield code="a">ger</subfield></datafield><datafield ind2="1" ind1="0" tag="029"><subfield code="a">06</subfield></datafield><datafield ind2="1" ind1="0" tag="100"><subfield code="a">Carlé, Marcel</subfield></datafield><datafield ind2="1" ind1="0" tag="101"><subfield code="a">Stegelmann, Ulrich [Betreuer]</subfield></datafield><datafield ind2="1" ind1="0" tag="331"><subfield code="a">Entwicklung und Optimierung einer Software zur performanten Speicherung und Verarbeitung von Massendaten für eine offene Systemlandschaft</subfield></datafield><datafield ind2=" " ind1="0" tag="359"><subfield code="a">in Zusammenarbeit mit: Fa. sms eSolutions GmbH, Düren (Dipl.-Math. (FH) Tamara Ostwald)</subfield></datafield><datafield ind2=" " ind1="0" tag="425"><subfield code="a">2012</subfield></datafield><datafield ind2="1" ind1="0" tag="519"><subfield code="a">Aachen, FH, Bachelorarbeit, 2012</subfield></datafield></record>