<record format="MarcXchange" type="Bibliographic"><leader>00000     2200000   000 </leader><controlfield tag="001">268878</controlfield><controlfield tag="002">29.04.2010</controlfield><controlfield tag="003">29.04.2010</controlfield><datafield ind2="1" ind1="0" tag="014"><subfield code="a">61 EU 09/10-45M</subfield></datafield><datafield ind2="1" ind1="0" tag="015"><subfield code="a">eng</subfield></datafield><datafield ind2="1" ind1="0" tag="029"><subfield code="a">06</subfield></datafield><datafield ind2="1" ind1="0" tag="100"><subfield code="a">Castaño Bardawil, David</subfield></datafield><datafield ind2="1" ind1="0" tag="101"><subfield code="a">Breitbach, Gerd [Betreuer]</subfield></datafield><datafield ind2="1" ind1="0" tag="331"><subfield code="a">Core CXTS diagnostic retractable tube concept design for ITER</subfield></datafield><datafield ind2=" " ind1="0" tag="359"><subfield code="a">in Zusammenarbeit mit: Forschungszentrum Jülich/Institut für Energieforschung-Plasmaphysik (Dipl.-Ing. Yury Krasikov)</subfield></datafield><datafield ind2=" " ind1="0" tag="425"><subfield code="a">2010</subfield></datafield><datafield ind2="1" ind1="0" tag="519"><subfield code="a">Aachen, FH, Masterarbeit, 2010</subfield></datafield></record>