<record format="MarcXchange" type="Bibliographic"><leader>00000     2200000   000 </leader><controlfield tag="001">279550</controlfield><controlfield tag="002">19.11.2010</controlfield><controlfield tag="003">28.06.2012</controlfield><datafield ind2="1" ind1="0" tag="014"><subfield code="a">61 EU 10-44</subfield></datafield><datafield ind2="1" ind1="0" tag="015"><subfield code="a">ger</subfield></datafield><datafield ind2="1" ind1="0" tag="029"><subfield code="a">06</subfield></datafield><datafield ind2="1" ind1="0" tag="100"><subfield code="a">Chan, Woei</subfield></datafield><datafield ind2="1" ind1="0" tag="101"><subfield code="a">Wählisch, Georg [Betreuer]</subfield></datafield><datafield ind2="1" ind1="0" tag="331"><subfield code="a">Aufbau und Optimierung des AZT Bumper-Tests und des RCAR-Tests</subfield></datafield><datafield ind2=" " ind1="0" tag="359"><subfield code="a">in Zusammenarbreit mit: Bertrandt Ingenieurbüro GmbH, Ingolstadt/Fahrzeugsicherheit Team E112 (Dipl.-Ing. Jan Wilsmann)</subfield></datafield><datafield ind2=" " ind1="0" tag="425"><subfield code="a">2010</subfield></datafield><datafield ind2="1" ind1="0" tag="519"><subfield code="a">Aachen, FH, Diplomarbeit, 2010</subfield></datafield><datafield ind2="1" ind1="0" tag="600"><subfield code="a">für immer unter Verschluss</subfield></datafield></record>