<record format="MarcXchange" type="Bibliographic"><leader>00000     2200000   000 </leader><controlfield tag="001">283007</controlfield><controlfield tag="002">15.02.2011</controlfield><controlfield tag="003">28.06.2012</controlfield><datafield ind2="1" ind1="0" tag="014"><subfield code="a">61 EU 10/11-13B</subfield></datafield><datafield ind2="1" ind1="0" tag="015"><subfield code="a">eng</subfield></datafield><datafield ind2="1" ind1="0" tag="029"><subfield code="a">06</subfield></datafield><datafield ind2="1" ind1="0" tag="100"><subfield code="a">Chdid Elie</subfield></datafield><datafield ind2="1" ind1="0" tag="101"><subfield code="a">Wählisch, Georg [Betreuer]</subfield></datafield><datafield ind2="1" ind1="0" tag="331"><subfield code="a">Design and construction of a miniature heliostat system</subfield></datafield><datafield ind2=" " ind1="0" tag="425"><subfield code="a">2010</subfield></datafield><datafield ind2="1" ind1="0" tag="519"><subfield code="a">Aachen, FH, Bachelorarbeit, 2011</subfield></datafield></record>