<record format="MarcXchange" type="Bibliographic"><leader>00000     2200000   000 </leader><controlfield tag="001">463287</controlfield><controlfield tag="002">12.11.2013</controlfield><controlfield tag="003">12.11.2013</controlfield><datafield ind2="1" ind1="0" tag="014"><subfield code="a">61 P 13-72B</subfield></datafield><datafield ind2="1" ind1="0" tag="015"><subfield code="a">eng</subfield></datafield><datafield ind2="1" ind1="0" tag="029"><subfield code="a">06</subfield></datafield><datafield ind2="1" ind1="0" tag="100"><subfield code="a">Cichocki, Rafael</subfield></datafield><datafield ind2="1" ind1="0" tag="101"><subfield code="a">Hoffmann, Jobst [Betreuer]</subfield></datafield><datafield ind2="1" ind1="0" tag="331"><subfield code="a">A Step towards Information System Methodology Competence: Customer Reporting System</subfield></datafield><datafield ind2="1" ind1="0" tag="335"><subfield code="a">Analyze the feasibility of implementing information system managemennt methodologies under organizational constraints, by the example of a service delivery reporting system for internal clients of the SGTS-CE division of the Compagnie de Saint-Gobain</subfield></datafield><datafield ind2=" " ind1="0" tag="359"><subfield code="a">in Zsuammenarbeit mit: Compagnie de Saint-Gobain ZN Deutschland (Dipl.-Math. Edmund Cleuvers)</subfield></datafield><datafield ind2=" " ind1="0" tag="425"><subfield code="a">2013</subfield></datafield><datafield ind2="1" ind1="0" tag="519"><subfield code="a">Aachen, FH, Bachelorarbeit, 2013</subfield></datafield></record>