<record format="MarcXchange" type="Bibliographic"><leader>00000     2200000   000 </leader><controlfield tag="001">249220</controlfield><controlfield tag="002">20.03.2009</controlfield><datafield ind2="1" ind1="0" tag="014"><subfield code="a">61 BMT 08/09-52</subfield></datafield><datafield ind2="1" ind1="0" tag="015"><subfield code="a">ger</subfield></datafield><datafield ind2="1" ind1="0" tag="029"><subfield code="a">06</subfield></datafield><datafield ind2="1" ind1="0" tag="100"><subfield code="a">Coenen, Anja</subfield></datafield><datafield ind2="1" ind1="0" tag="101"><subfield code="a">Thielemann, Frank [Betreuer]</subfield></datafield><datafield ind2="1" ind1="0" tag="331"><subfield code="a">Sind erneuerbare Energien wirtschaftlich?</subfield></datafield><datafield ind2="1" ind1="0" tag="335"><subfield code="a">eine komprimierte Wirtschaftlichkeitsbetrachtung am Beispiel der Biomasse-Nutzung in der Bundesrepublik Deutschland</subfield></datafield><datafield ind2=" " ind1="0" tag="425"><subfield code="a">2009</subfield></datafield><datafield ind2="1" ind1="0" tag="519"><subfield code="a">Aachen, FH, Diplomarbeit, 2009</subfield></datafield></record>