<record format="MarcXchange" type="Bibliographic"><leader>00000     2200000   000 </leader><controlfield tag="001">399702</controlfield><controlfield tag="002">22.11.2012</controlfield><datafield ind2="1" ind1="0" tag="014"><subfield code="a">61 EU 12-21M</subfield></datafield><datafield ind2="1" ind1="0" tag="015"><subfield code="a">eng</subfield></datafield><datafield ind2="1" ind1="0" tag="029"><subfield code="a">06</subfield></datafield><datafield ind2="1" ind1="0" tag="100"><subfield code="a">Dadkhah, Mana</subfield></datafield><datafield ind2="1" ind1="0" tag="101"><subfield code="a">Quadakkers, Willem [Betreuer]</subfield></datafield><datafield ind2="1" ind1="0" tag="331"><subfield code="a">Thermochemical modelling of the formation of volatile Fe-compounds for SOFC interconnector steels</subfield></datafield><datafield ind2=" " ind1="0" tag="359"><subfield code="a">in Zusammenarbeit mit: Forschungszentrum Jülich/Institut für Energie- und Klimaforschung IEK-2 (Priv.-Doz. Dr.-Ing. Torsten Markus)</subfield></datafield><datafield ind2=" " ind1="0" tag="425"><subfield code="a">2012</subfield></datafield><datafield ind2="1" ind1="0" tag="519"><subfield code="a">Aachen, FH, Masterarbeit, 2012</subfield></datafield></record>