<record format="MarcXchange" type="Bibliographic"><leader>00000     2200000   000 </leader><controlfield tag="001">279554</controlfield><controlfield tag="002">19.11.2010</controlfield><controlfield tag="003">28.06.2012</controlfield><datafield ind2="1" ind1="0" tag="014"><subfield code="a">61 EU 10-40</subfield></datafield><datafield ind2="1" ind1="0" tag="015"><subfield code="a">ger</subfield></datafield><datafield ind2="1" ind1="0" tag="029"><subfield code="a">06</subfield></datafield><datafield ind2="1" ind1="0" tag="100"><subfield code="a">Daniel, Benedict</subfield></datafield><datafield ind2="1" ind1="0" tag="101"><subfield code="a">Wählisch, Georg [Betreuer]</subfield></datafield><datafield ind2="1" ind1="0" tag="331"><subfield code="a">Layoutgestaltung, Detailplanung, Beschaffung und Implementierung von Equipment unter Ergonomie- und Kostenaspekten für eine Produktionslinie in der Automobilindustrie</subfield></datafield><datafield ind2=" " ind1="0" tag="425"><subfield code="a">2010</subfield></datafield><datafield ind2="1" ind1="0" tag="519"><subfield code="a">Aachen, FH, Diplomarbeit, 2010</subfield></datafield><datafield ind2="1" ind1="0" tag="600"><subfield code="a">freigegeben 1203</subfield></datafield></record>