<record format="MarcXchange" type="Bibliographic"><leader>00000     2200000   000 </leader><controlfield tag="001">436796</controlfield><controlfield tag="002">16.08.2013</controlfield><datafield ind2="1" ind1="0" tag="014"><subfield code="a">61 EU 13-07M</subfield></datafield><datafield ind2="1" ind1="0" tag="015"><subfield code="a">ger</subfield></datafield><datafield ind2="1" ind1="0" tag="029"><subfield code="a">06</subfield></datafield><datafield ind2="1" ind1="0" tag="100"><subfield code="a">Darius, Simon</subfield></datafield><datafield ind2="1" ind1="0" tag="101"><subfield code="a">Brüssermann, Klaus [Betreuer]</subfield></datafield><datafield ind2="1" ind1="0" tag="331"><subfield code="a">Bewertung von Energieeffizienztechnologien für Industrieunternehmen anhand einer Systematik zur energetischen und wirtschaftlichen Potentialanalyse</subfield></datafield><datafield ind2=" " ind1="0" tag="359"><subfield code="a">in Zusammenarbeit mit: Siemens AG (Dr.-Ing. Dipl.-Phys. Christoph Jansen)</subfield></datafield><datafield ind2=" " ind1="0" tag="425"><subfield code="a">2013</subfield></datafield><datafield ind2="1" ind1="0" tag="519"><subfield code="a">Aachen, FH, Masterarbeit, 2013</subfield></datafield><datafield ind2="1" ind1="0" tag="600"><subfield code="a">für immer unter Verschluss</subfield></datafield></record>