<record format="MarcXchange" type="Bibliographic"><leader>00000     2200000   000 </leader><controlfield tag="001">447903</controlfield><controlfield tag="002">23.09.2013</controlfield><controlfield tag="003">23.09.2013</controlfield><datafield ind2="1" ind1="0" tag="014"><subfield code="a">61 C 13-10B</subfield></datafield><datafield ind2="1" ind1="0" tag="015"><subfield code="a">ger</subfield></datafield><datafield ind2="1" ind1="0" tag="029"><subfield code="a">06</subfield></datafield><datafield ind2="1" ind1="0" tag="100"><subfield code="a">Dauer, Manuela</subfield></datafield><datafield ind2="1" ind1="0" tag="101"><subfield code="a">Scherer, Ulrich [Betreuer]</subfield></datafield><datafield ind2="1" ind1="0" tag="331"><subfield code="a">Synthese von Glycosylderivaten und deren 18F-Markierung als Vorstufen zur Herstellung von Radiopharmaka für die Positronen-Emissions-Tomographie</subfield></datafield><datafield ind2=" " ind1="0" tag="359"><subfield code="a">in Zusammenarbeit mit: Friedrich-Alexander Universität Erlangen-Nürnberg/Medizinische Fakultät (Prof. Dr. Olaf Prante)</subfield></datafield><datafield ind2=" " ind1="0" tag="425"><subfield code="a">2013</subfield></datafield><datafield ind2="1" ind1="0" tag="519"><subfield code="a">Aachen, FH, Bachelorarbeit, 2013</subfield></datafield></record>