<record format="MarcXchange" type="Bibliographic"><leader>00000     2200000   000 </leader><controlfield tag="001">486221</controlfield><controlfield tag="002">26.03.2014</controlfield><controlfield tag="003">26.03.2014</controlfield><datafield ind2="1" ind1="0" tag="014"><subfield code="a">61 P 13/14-69B</subfield></datafield><datafield ind2="1" ind1="0" tag="015"><subfield code="a">ger</subfield></datafield><datafield ind2="1" ind1="0" tag="029"><subfield code="a">06</subfield></datafield><datafield ind2="1" ind1="0" tag="100"><subfield code="a">Deterer, Artur</subfield></datafield><datafield ind2="1" ind1="0" tag="101"><subfield code="a">Schuba, Marko [Betreuer]</subfield></datafield><datafield ind2="1" ind1="0" tag="331"><subfield code="a">Entwicklung einer Anwendung zur Sicherheitsanalyse bestehender Webapplikationen auf Basis des ASV-Standards</subfield></datafield><datafield ind2=" " ind1="0" tag="425"><subfield code="a">2013</subfield></datafield><datafield ind2="1" ind1="0" tag="519"><subfield code="a">Aachen, FH, Bachelorarbeit, 2014</subfield></datafield></record>