<record format="MarcXchange" type="Bibliographic"><leader>00000     2200000   000 </leader><controlfield tag="001">271839</controlfield><controlfield tag="002">02.07.2010</controlfield><controlfield tag="003">02.07.2010</controlfield><datafield ind2="1" ind1="0" tag="014"><subfield code="a">61 BMT 10-15M</subfield></datafield><datafield ind2="1" ind1="0" tag="015"><subfield code="a">eng</subfield></datafield><datafield ind2="1" ind1="0" tag="029"><subfield code="a">06</subfield></datafield><datafield ind2="1" ind1="0" tag="100"><subfield code="a">Dhawan, Somya</subfield></datafield><datafield ind2="1" ind1="0" tag="101"><subfield code="a">Scherer, Ulrich [Betreuer]</subfield></datafield><datafield ind2="1" ind1="0" tag="331"><subfield code="a">Synthesis and in vitro binding assay and metabolic studies of 3-[18F]-Fluoroethoxybenzyl cinnamamidine</subfield></datafield><datafield ind2=" " ind1="0" tag="359"><subfield code="a">in Zusammenarbeit mit: Forschungszentrum Jülich GmbH/Institute of Neuroscience and: Medicine, INM-5: Nuclear Chemistry (Dr. Johannes Ermert)</subfield></datafield><datafield ind2=" " ind1="0" tag="425"><subfield code="a">2010</subfield></datafield><datafield ind2="1" ind1="0" tag="519"><subfield code="a">Aachen, FH, Masterarbeit, 2010</subfield></datafield></record>