<record format="MarcXchange" type="Bibliographic"><leader>00000     2200000   000 </leader><controlfield tag="001">258946</controlfield><controlfield tag="002">30.10.2009</controlfield><datafield ind2="1" ind1="0" tag="014"><subfield code="a">61 C 09-43</subfield></datafield><datafield ind2="1" ind1="0" tag="015"><subfield code="a">ger</subfield></datafield><datafield ind2="1" ind1="0" tag="029"><subfield code="a">06</subfield></datafield><datafield ind2="1" ind1="0" tag="100"><subfield code="a">Diesendorf, Olga</subfield></datafield><datafield ind2="1" ind1="0" tag="101"><subfield code="a">Berndt, Heinz [Betreuer]</subfield></datafield><datafield ind2="1" ind1="0" tag="331"><subfield code="a">Enantioselektivität von Lactobacillus brevis Alkoholdehydrogenase in enzymatischen Gasphasenreaktionen</subfield></datafield><datafield ind2=" " ind1="0" tag="425"><subfield code="a">2009</subfield></datafield><datafield ind2="1" ind1="0" tag="519"><subfield code="a">Aachen, FH, Diplomarbeit, 2009</subfield></datafield></record>