<record format="MarcXchange" type="Bibliographic"><leader>00000     2200000   000 </leader><controlfield tag="001">376280</controlfield><controlfield tag="002">29.06.2012</controlfield><datafield ind2="1" ind1="0" tag="014"><subfield code="a">61 EU 11/12-43B</subfield></datafield><datafield ind2="1" ind1="0" tag="015"><subfield code="a">eng</subfield></datafield><datafield ind2="1" ind1="0" tag="029"><subfield code="a">06</subfield></datafield><datafield ind2="1" ind1="0" tag="100"><subfield code="a">Dimitriev, Yavor</subfield></datafield><datafield ind2="1" ind1="0" tag="101"><subfield code="a">Funke, Harald [Betreuer]</subfield></datafield><datafield ind2="1" ind1="0" tag="331"><subfield code="a">Wi-Fi - Media - Entertainment Box</subfield></datafield><datafield ind2="1" ind1="0" tag="335"><subfield code="a">Design and Certification</subfield></datafield><datafield ind2=" " ind1="0" tag="425"><subfield code="a">2011</subfield></datafield><datafield ind2="1" ind1="0" tag="519"><subfield code="a">Aachen, FH, Bachelorarbeit, 2012</subfield></datafield><datafield ind2="1" ind1="0" tag="600"><subfield code="a">für immer unter Verschluss</subfield></datafield></record>