<record format="MarcXchange" type="Bibliographic"><leader>00000     2200000   000 </leader><controlfield tag="001">249896</controlfield><controlfield tag="002">30.03.2009</controlfield><controlfield tag="003">30.03.2009</controlfield><datafield ind2="1" ind1="0" tag="014"><subfield code="a">61 C 08/09-42</subfield></datafield><datafield ind2="1" ind1="0" tag="015"><subfield code="a">ger</subfield></datafield><datafield ind2="1" ind1="0" tag="029"><subfield code="a">06</subfield></datafield><datafield ind2="1" ind1="0" tag="100"><subfield code="a">Ditzler, Sandra</subfield></datafield><datafield ind2="1" ind1="0" tag="101"><subfield code="a">Baumann, Marcus [Betreuer]</subfield></datafield><datafield ind2="1" ind1="0" tag="331"><subfield code="a">Isolierung und Charakterisierung einer neuen extrazellulären Phosphatase aus dem Verdauungstrakt des Europäischen Hummers (Homarus gammarus)</subfield></datafield><datafield ind2=" " ind1="0" tag="359"><subfield code="a">in Zusammenabeit mit: Biologische Anstalt Helgoland/Alfred Wegener Institut für Meeres und Polarforschung (Dr. Reinhard Saborowski)</subfield></datafield><datafield ind2=" " ind1="0" tag="425"><subfield code="a">2009</subfield></datafield><datafield ind2="1" ind1="0" tag="519"><subfield code="a">Aachen, FH, Diplomarbeit, 2009</subfield></datafield></record>