<record format="MarcXchange" type="Bibliographic"><leader>00000     2200000   000 </leader><controlfield tag="001">287945</controlfield><controlfield tag="002">14.04.2011</controlfield><datafield ind2="1" ind1="0" tag="014"><subfield code="a">61 BMT 10/11-48B</subfield></datafield><datafield ind2="1" ind1="0" tag="015"><subfield code="a">ger</subfield></datafield><datafield ind2="1" ind1="0" tag="029"><subfield code="a">06</subfield></datafield><datafield ind2="1" ind1="0" tag="100"><subfield code="a">Djiokou Charly</subfield></datafield><datafield ind2="1" ind1="0" tag="101"><subfield code="a">Ziemons, Karl [Betreuer]</subfield></datafield><datafield ind2="1" ind1="0" tag="331"><subfield code="a">Das OpenGate Simulationsprogramm</subfield></datafield><datafield ind2="1" ind1="0" tag="335"><subfield code="a">Funktionsprinzip und Analyse anhand eines Experimentalaufbaus zur Charakterisierung einer Röntgenkamera</subfield></datafield><datafield ind2=" " ind1="0" tag="425"><subfield code="a">2011</subfield></datafield><datafield ind2="1" ind1="0" tag="519"><subfield code="a">Aachen, FH, Bachelorarbeit, 2011</subfield></datafield></record>