<record format="MarcXchange" type="Bibliographic"><leader>00000     2200000   000 </leader><controlfield tag="001">368669</controlfield><controlfield tag="002">16.04.2012</controlfield><controlfield tag="003">16.04.2012</controlfield><datafield ind2="1" ind1="0" tag="014"><subfield code="a">61 KT 11/12-32B</subfield></datafield><datafield ind2="1" ind1="0" tag="015"><subfield code="a">ger</subfield></datafield><datafield ind2="1" ind1="0" tag="029"><subfield code="a">06</subfield></datafield><datafield ind2="1" ind1="0" tag="100"><subfield code="a">Doege, Paul-Emmanuel</subfield></datafield><datafield ind2="1" ind1="0" tag="101"><subfield code="a">Hoyler, Friedrich [Betreuer]</subfield></datafield><datafield ind2="1" ind1="0" tag="331"><subfield code="a">Machbarkeitsstudie zur Optimierung der vertikalen kalten Neutronenquelle des ILL-Hochflussreaktors unter Zuhilfenahme von Reflektoren auf Basis von Nano-Diamantpartikeln</subfield></datafield><datafield ind2=" " ind1="0" tag="425"><subfield code="a">2012</subfield></datafield><datafield ind2="1" ind1="0" tag="519"><subfield code="a">Aachen, FH, Bachelorarbeit, 2012</subfield></datafield></record>