<record format="MarcXchange" type="Bibliographic"><leader>00000     2200000   000 </leader><controlfield tag="001">277506</controlfield><controlfield tag="002">21.09.2010</controlfield><datafield ind2="1" ind1="0" tag="014"><subfield code="a">61 BMT 10-82B</subfield></datafield><datafield ind2="1" ind1="0" tag="015"><subfield code="a">eng</subfield></datafield><datafield ind2="1" ind1="0" tag="029"><subfield code="a">06</subfield></datafield><datafield ind2="1" ind1="0" tag="100"><subfield code="a">Eberlein, Annika</subfield></datafield><datafield ind2="1" ind1="0" tag="101"><subfield code="a">Ziemons, Karl [Betreuer]</subfield></datafield><datafield ind2="1" ind1="0" tag="331"><subfield code="a">Near infrared spectroscopy</subfield></datafield><datafield ind2="1" ind1="0" tag="335"><subfield code="a">Study of the spaced learning effect in comparison to fMRI</subfield></datafield><datafield ind2=" " ind1="0" tag="359"><subfield code="a">in Zusammenarbeit mit: Hong Kong Polytechnic University (Prof. Dr. Chetwyn Chan)</subfield></datafield><datafield ind2=" " ind1="0" tag="425"><subfield code="a">2010</subfield></datafield><datafield ind2="1" ind1="0" tag="519"><subfield code="a">Aachen, FH, Bachelorarbeit, 2010</subfield></datafield></record>