<record format="MarcXchange" type="Bibliographic"><leader>00000     2200000   000 </leader><controlfield tag="001">486912</controlfield><controlfield tag="002">08.04.2014</controlfield><controlfield tag="003">08.04.2014</controlfield><datafield ind2="1" ind1="0" tag="014"><subfield code="a">61 C 13/14-54M</subfield></datafield><datafield ind2="1" ind1="0" tag="015"><subfield code="a">ger</subfield></datafield><datafield ind2="1" ind1="0" tag="029"><subfield code="a">06</subfield></datafield><datafield ind2="1" ind1="0" tag="100"><subfield code="a">Eckei, Laura</subfield></datafield><datafield ind2="1" ind1="0" tag="101"><subfield code="a">Öhlschläger, Peter [Betreuer]</subfield></datafield><datafield ind2="1" ind1="0" tag="331"><subfield code="a">Identifikation und Analyse verkürzter und varianter Rinder-Foamyvirus (BFV) Env-Proteine aus persistent BFV-infizierten Schafen</subfield></datafield><datafield ind2=" " ind1="0" tag="359"><subfield code="a">in Zusammenarbeit mit: Deutschen Krebsforschungszentrum, Heidelberg/Abteilung Genomveränderungen und Karzinogenese ; Labor Molecular Biology and Application of Recombinant Foamy Viruses (Dr. rer. nat. Martin Löchelt)</subfield></datafield><datafield ind2=" " ind1="0" tag="425"><subfield code="a">2014</subfield></datafield><datafield ind2="1" ind1="0" tag="519"><subfield code="a">Aachen, FH, Masterarbeit, 2014</subfield></datafield></record>