<record format="MarcXchange" type="Bibliographic"><leader>00000     2200000   000 </leader><controlfield tag="001">249214</controlfield><controlfield tag="002">20.03.2009</controlfield><controlfield tag="003">20.03.2009</controlfield><datafield ind2="1" ind1="0" tag="014"><subfield code="a">61 P 08/09-46</subfield></datafield><datafield ind2="1" ind1="0" tag="015"><subfield code="a">ger</subfield></datafield><datafield ind2="1" ind1="0" tag="029"><subfield code="a">06</subfield></datafield><datafield ind2="1" ind1="0" tag="100"><subfield code="a">Ehmer, Jörg</subfield></datafield><datafield ind2="1" ind1="0" tag="101"><subfield code="a">Simonis, Rainer [Betreuer]</subfield></datafield><datafield ind2="1" ind1="0" tag="331"><subfield code="a">AICONS For LOPAP (Automated Instruments Control Software)</subfield></datafield><datafield ind2="1" ind1="0" tag="335"><subfield code="a">ein Programm zur automatisierten Messdatenerfassung und Steuerung des LOPAP Messinstruments mit Hilfe einer graphischen Benutzeroberfläche</subfield></datafield><datafield ind2=" " ind1="0" tag="359"><subfield code="a">in Zusammenarbeit mit: Forschungszentrum Jülich/Institut für Chemie und Dynamik der Geosphäre Troposphäre (ICG-2) (Dr. Theo Brauers)</subfield></datafield><datafield ind2=" " ind1="0" tag="425"><subfield code="a">2009</subfield></datafield><datafield ind2="1" ind1="0" tag="519"><subfield code="a">Aachen, FH, Diplomarbeit, 2009</subfield></datafield></record>