<record format="MarcXchange" type="Bibliographic"><leader>00000     2200000   000 </leader><controlfield tag="001">188025</controlfield><controlfield tag="002">24.06.2002</controlfield><controlfield tag="003">29.06.2006</controlfield><datafield ind2="1" ind1="0" tag="014"><subfield code="a">61 EU 02-06</subfield></datafield><datafield ind2="1" ind1="0" tag="015"><subfield code="a">ger</subfield></datafield><datafield ind2="1" ind1="0" tag="029"><subfield code="a">06</subfield></datafield><datafield ind2="1" ind1="0" tag="100"><subfield code="a">Eiden, Ulrich</subfield></datafield><datafield ind2="1" ind1="0" tag="101"><subfield code="a">Schwager, Georg [Betreuer]</subfield></datafield><datafield ind2="1" ind1="0" tag="331"><subfield code="a">Modellierung, Simulation und Analyse von Gasturbinenprozessen mit solarer Brennluftvorwärmung</subfield></datafield><datafield ind2=" " ind1="0" tag="359"><subfield code="a">in Zusammenarbeit mit: Deutsches Zentrum für Luft und Raumfahrt e. V. (DLR), Köl                       n- Porz/Abteilung Solare Energietechnik                                         (Dipl.-Ing. Peter Schwarzbözl)</subfield></datafield><datafield ind2=" " ind1="0" tag="425"><subfield code="a">2002</subfield></datafield><datafield ind2="1" ind1="0" tag="519"><subfield code="a">Aachen, Fachhochschule, Diplomarbeit, 2002</subfield></datafield></record>