<record format="MarcXchange" type="Bibliographic"><leader>00000     2200000   000 </leader><controlfield tag="001">436802</controlfield><controlfield tag="002">16.08.2013</controlfield><datafield ind2="1" ind1="0" tag="014"><subfield code="a">61 P 13-02B</subfield></datafield><datafield ind2="1" ind1="0" tag="015"><subfield code="a">ger</subfield></datafield><datafield ind2="1" ind1="0" tag="029"><subfield code="a">06</subfield></datafield><datafield ind2="1" ind1="0" tag="100"><subfield code="a">Eidtner, Tino</subfield></datafield><datafield ind2="1" ind1="0" tag="101"><subfield code="a">Schelthoff, Christof</subfield></datafield><datafield ind2="1" ind1="0" tag="331"><subfield code="a">Erstellung von nutzerfreundlichen, graphischen Benutzeroberflächen im Hinblick auf Datenorganisation und Steuerung für die automatische Kantendetektion bei Propellerformen sowie Aufbau einer Datenbank zur Verwaltung der Propellergeometriedaten</subfield></datafield><datafield ind2=" " ind1="0" tag="359"><subfield code="a">in Zusammenarbeit mit: RWTH Aachen/Institut für Getriebetechnik und Maschinendynamik (Dipl.-Ing. Dipl.-Wirt.Ing. Isabel Prause)</subfield></datafield><datafield ind2=" " ind1="0" tag="425"><subfield code="a">2013</subfield></datafield><datafield ind2="1" ind1="0" tag="519"><subfield code="a">Aachen, FH, Bachelorarbeit, 2013</subfield></datafield><datafield ind2="1" ind1="0" tag="600"><subfield code="a">für immer unter Verschluss</subfield></datafield></record>