<record format="MarcXchange" type="Bibliographic"><leader>00000     2200000   000 </leader><controlfield tag="001">506452</controlfield><controlfield tag="002">16.09.2014</controlfield><datafield ind2="1" ind1="0" tag="014"><subfield code="a">61 EU 14-18B</subfield></datafield><datafield ind2="1" ind1="0" tag="015"><subfield code="a">eng</subfield></datafield><datafield ind2="1" ind1="0" tag="029"><subfield code="a">06</subfield></datafield><datafield ind2="1" ind1="0" tag="100"><subfield code="a">El Achkar, Nelly</subfield></datafield><datafield ind2="1" ind1="0" tag="101"><subfield code="a">Stulpe, Werner [Betreuer]</subfield></datafield><datafield ind2="1" ind1="0" tag="331"><subfield code="a">Luminescence of Encapsulation Polymers in Photovoltaic Modules</subfield></datafield><datafield ind2="1" ind1="0" tag="335"><subfield code="a">Influence of various Additives on the luminescence spectra of EVA with accelerated Aging</subfield></datafield><datafield ind2=" " ind1="0" tag="359"><subfield code="a">in Zusammenarbeit mit: Humboldt University of Berlin/Physics Institute (Prof. Dr. rer. nat. habil. Beate Röder)</subfield></datafield><datafield ind2=" " ind1="0" tag="425"><subfield code="a">2014</subfield></datafield><datafield ind2="1" ind1="0" tag="519"><subfield code="a">Aachen, FH, Bachelorarbeit, 2014</subfield></datafield></record>