<record format="MarcXchange" type="Bibliographic"><leader>00000     2200000   000 </leader><controlfield tag="001">249898</controlfield><controlfield tag="002">30.03.2009</controlfield><controlfield tag="003">18.07.2011</controlfield><datafield ind2="1" ind1="0" tag="014"><subfield code="a">61 C 08/09-44</subfield></datafield><datafield ind2="1" ind1="0" tag="015"><subfield code="a">ger</subfield></datafield><datafield ind2="1" ind1="0" tag="029"><subfield code="a">06</subfield></datafield><datafield ind2="1" ind1="0" tag="100"><subfield code="a">Elzer, Timo</subfield></datafield><datafield ind2="1" ind1="0" tag="101"><subfield code="a">Rath, Walter [Betreuer]</subfield></datafield><datafield ind2="1" ind1="0" tag="331"><subfield code="a">Untersuchungen zur Leistungssteigerung von Haftklebstoffen auf Acrylat- und Kautschukbasis durch Hydrophobine</subfield></datafield><datafield ind2=" " ind1="0" tag="359"><subfield code="a">in Zusammnearbeit mit: Fa. Lohmann GmbH &amp; Co. KG/Klebeband Forschung &amp; Entwicklung (Dr.-Ing. Hansjörg Ander)</subfield></datafield><datafield ind2=" " ind1="0" tag="425"><subfield code="a">2009</subfield></datafield><datafield ind2="1" ind1="0" tag="519"><subfield code="a">Aachen, FH, Diplomarbeit, 2009</subfield></datafield><datafield ind2="1" ind1="0" tag="600"><subfield code="a">unter Veschluss bis 2014</subfield></datafield></record>