<record format="MarcXchange" type="Bibliographic"><leader>00000     2200000   000 </leader><controlfield tag="001">248816</controlfield><controlfield tag="002">04.03.2009</controlfield><datafield ind2="1" ind1="0" tag="014"><subfield code="a">61 ET 08/09-04B</subfield></datafield><datafield ind2="1" ind1="0" tag="015"><subfield code="a">ger</subfield></datafield><datafield ind2="1" ind1="0" tag="029"><subfield code="a">06</subfield></datafield><datafield ind2="1" ind1="0" tag="100"><subfield code="a">Endner, Sven</subfield></datafield><datafield ind2="1" ind1="0" tag="101"><subfield code="a">Helsper, Christoph [Betreuer]</subfield></datafield><datafield ind2="1" ind1="0" tag="331"><subfield code="a">Weiterentwicklung einer LabVIEW-Software zur rechnergestützten Inbetriebsetzung von Schinenfahrzeugen</subfield></datafield><datafield ind2="1" ind1="0" tag="335"><subfield code="a">Dokumentationserstellung und Entwicklung einer Visualisierungsoberfläche</subfield></datafield><datafield ind2=" " ind1="0" tag="425"><subfield code="a">2008</subfield></datafield><datafield ind2="1" ind1="0" tag="519"><subfield code="a">Aachen, FH, Bachelorarbeit, 2008</subfield></datafield></record>