<record format="MarcXchange" type="Bibliographic"><leader>00000     2200000   000 </leader><controlfield tag="001">278853</controlfield><controlfield tag="002">26.10.2010</controlfield><datafield ind2="1" ind1="0" tag="014"><subfield code="a">61 EU 10-31B</subfield></datafield><datafield ind2="1" ind1="0" tag="015"><subfield code="a">ger</subfield></datafield><datafield ind2="1" ind1="0" tag="029"><subfield code="a">06</subfield></datafield><datafield ind2="1" ind1="0" tag="100"><subfield code="a">Endres, Thomas</subfield></datafield><datafield ind2="1" ind1="0" tag="101"><subfield code="a">Müller, Burghard [Betreuer]</subfield></datafield><datafield ind2="1" ind1="0" tag="331"><subfield code="a">Planung und Auslegung eines Rohrleitungssystems mit zugehörigen Druckerhöhungspumpen zur Kesselreinigung der Blöcke A-E des Kraftwerks Neurath</subfield></datafield><datafield ind2=" " ind1="0" tag="359"><subfield code="a">in Zusammenarbeit mit: RWE Power AG, Kraftwerk Neurath/Abteilung PCF-AL (Dipl.-Ing. Robert Edwin)</subfield></datafield><datafield ind2=" " ind1="0" tag="425"><subfield code="a">2010</subfield></datafield><datafield ind2="1" ind1="0" tag="519"><subfield code="a">AAchen, FH, Bachelorarbeit, 2010</subfield></datafield></record>