<record format="MarcXchange" type="Bibliographic"><leader>00000     2200000   000 </leader><controlfield tag="001">119396</controlfield><controlfield tag="002">26.08.1993</controlfield><controlfield tag="003">29.06.2006</controlfield><datafield ind2="1" ind1="0" tag="014"><subfield code="a">61 ET 93-05</subfield></datafield><datafield ind2="1" ind1="0" tag="015"><subfield code="a">ger</subfield></datafield><datafield ind2="1" ind1="0" tag="100"><subfield code="a">Engel, Frank</subfield></datafield><datafield ind2="1" ind1="0" tag="101"><subfield code="a">Krüger, Walter [Betreuer]</subfield></datafield><datafield ind2="1" ind1="0" tag="331"><subfield code="a">Sternpunktbehandlung von Mittelspannungsnetzen Untersuchung einer Regelmöglichkeit von Erdschlußlöschspulen</subfield></datafield><datafield ind2=" " ind1="0" tag="425"><subfield code="a">1993</subfield></datafield><datafield ind2="1" ind1="0" tag="519"><subfield code="a">Aachen, Fachhochschule, Diplomarbeit, 1993</subfield></datafield></record>