<record format="MarcXchange" type="Bibliographic"><leader>00000     2200000   000 </leader><controlfield tag="001">249930</controlfield><controlfield tag="002">31.03.2009</controlfield><controlfield tag="003">31.03.2009</controlfield><datafield ind2="1" ind1="0" tag="014"><subfield code="a">61 P 08/09-81</subfield></datafield><datafield ind2="1" ind1="0" tag="015"><subfield code="a">ger</subfield></datafield><datafield ind2="1" ind1="0" tag="029"><subfield code="a">06</subfield></datafield><datafield ind2="1" ind1="0" tag="100"><subfield code="a">Engelmann, Thimon</subfield></datafield><datafield ind2="1" ind1="0" tag="101"><subfield code="a">Schöning, Michael [Betreuer]</subfield></datafield><datafield ind2="1" ind1="0" tag="331"><subfield code="a">Charakterisierung eines quarzverstärkten photoakustischen Sensors zur Gasdetektion</subfield></datafield><datafield ind2=" " ind1="0" tag="359"><subfield code="a">in Zuammenarbeit mit: Drägerwerk AG/Grundlagenentwicklung (Dipl.-Ing. Ralf Buchtal)</subfield></datafield><datafield ind2=" " ind1="0" tag="425"><subfield code="a">2009</subfield></datafield><datafield ind2="1" ind1="0" tag="519"><subfield code="a">Aachen, FH, Diplomarbeit, 2009</subfield></datafield><datafield ind2="1" ind1="0" tag="600"><subfield code="a">unter Verschluss bis 2019</subfield></datafield></record>