<record format="MarcXchange" type="Bibliographic"><leader>00000     2200000   000 </leader><controlfield tag="001">401820</controlfield><controlfield tag="002">12.12.2012</controlfield><controlfield tag="003">12.12.2012</controlfield><datafield ind2="1" ind1="0" tag="014"><subfield code="a">61 C 12-39B</subfield></datafield><datafield ind2="1" ind1="0" tag="015"><subfield code="a">ger</subfield></datafield><datafield ind2="1" ind1="0" tag="029"><subfield code="a">06</subfield></datafield><datafield ind2="1" ind1="0" tag="100"><subfield code="a">Errenst, Rolf</subfield></datafield><datafield ind2="1" ind1="0" tag="101"><subfield code="a">Janzik, Ingar [Betreuer]</subfield></datafield><datafield ind2="1" ind1="0" tag="331"><subfield code="a">Variation wertschöpfender Inhaltsstoffe von Medizinal-Pflanzen durch Stickstoff- und Manganbehandlung</subfield></datafield><datafield ind2=" " ind1="0" tag="359"><subfield code="a">in Zusammenarbeit mit: Forschungszentrum Jülich (Dr. Helen Behn)</subfield></datafield><datafield ind2=" " ind1="0" tag="425"><subfield code="a">2012</subfield></datafield><datafield ind2="1" ind1="0" tag="519"><subfield code="a">Aachen, FH, Bachelorarbeit, 2012</subfield></datafield></record>