<record format="MarcXchange" type="Bibliographic"><leader>00000     2200000   000 </leader><controlfield tag="001">262496</controlfield><controlfield tag="002">25.02.2010</controlfield><controlfield tag="003">31.03.2010</controlfield><datafield ind2="1" ind1="0" tag="014"><subfield code="a">61 P 09/10-31M</subfield></datafield><datafield ind2="1" ind1="0" tag="015"><subfield code="a">ger</subfield></datafield><datafield ind2="1" ind1="0" tag="029"><subfield code="a">06</subfield></datafield><datafield ind2="1" ind1="0" tag="100"><subfield code="a">Esser, Florian</subfield></datafield><datafield ind2="1" ind1="0" tag="101"><subfield code="a">Sander, Volker [Betreuer]</subfield></datafield><datafield ind2="1" ind1="0" tag="331"><subfield code="a">Entwurf und Implementierung eines verteilten Systems zur Unterstützung von Ende-zu-Ende Reservierung in der Luftfahrt</subfield></datafield><datafield ind2=" " ind1="0" tag="359"><subfield code="a">in Zusammenarbeit mit: T-Systems (Dipl.-Ing. M. Brost)</subfield></datafield><datafield ind2=" " ind1="0" tag="425"><subfield code="a">2009</subfield></datafield><datafield ind2="1" ind1="0" tag="519"><subfield code="a">Aachen, FH, Masterarbeit, 2009</subfield></datafield><datafield ind2="1" ind1="0" tag="600"><subfield code="a">für immer unter Verschluss</subfield></datafield></record>