<record format="MarcXchange" type="Bibliographic"><leader>00000     2200000   000 </leader><controlfield tag="001">277780</controlfield><controlfield tag="002">24.09.2010</controlfield><controlfield tag="003">24.09.2010</controlfield><datafield ind2="1" ind1="0" tag="014"><subfield code="a">61 P 10-94B</subfield></datafield><datafield ind2="1" ind1="0" tag="015"><subfield code="a">ger</subfield></datafield><datafield ind2="1" ind1="0" tag="029"><subfield code="a">06</subfield></datafield><datafield ind2="1" ind1="0" tag="100"><subfield code="a">Esser, Markus</subfield></datafield><datafield ind2="1" ind1="0" tag="101"><subfield code="a">Hillen, Walter [Betreuer]</subfield></datafield><datafield ind2="1" ind1="0" tag="331"><subfield code="a">Entwicklung einer grafischen Oberfläche zur Steuerung des USRP unter Verwendung des GNU Radio Software-Toolkits</subfield></datafield><datafield ind2=" " ind1="0" tag="359"><subfield code="a">in  Zusammenarbeit mit: RWTH Aachen/Institut für Hochfrequenztechnik (Dipl.-Ing. Marc Dirix)</subfield></datafield><datafield ind2=" " ind1="0" tag="425"><subfield code="a">2010</subfield></datafield><datafield ind2="1" ind1="0" tag="519"><subfield code="a">Aachen, FH, Bachelorarbeit, 2010</subfield></datafield></record>