<record format="MarcXchange" type="Bibliographic"><leader>00000     2200000   000 </leader><controlfield tag="001">486627</controlfield><controlfield tag="002">03.04.2014</controlfield><controlfield tag="003">03.04.2014</controlfield><datafield ind2="1" ind1="0" tag="014"><subfield code="a">61 P 13/14-75B</subfield></datafield><datafield ind2="1" ind1="0" tag="015"><subfield code="a">ger</subfield></datafield><datafield ind2="1" ind1="0" tag="029"><subfield code="a">06</subfield></datafield><datafield ind2="1" ind1="0" tag="100"><subfield code="a">Esser, Stephan</subfield></datafield><datafield ind2="1" ind1="0" tag="101"><subfield code="a">Förster, Arnold  [Betreuer]</subfield></datafield><datafield ind2="1" ind1="0" tag="331"><subfield code="a">Entwicklung von Abläufen für die Qualitätsbewertung und den Qualitätsvergleich von kommerziellen Strontiumtitanat Substraten</subfield></datafield><datafield ind2="1" ind1="0" tag="341"><subfield code="a">Development of routines for the quality assessment and quality comparison of commercial SrTiO3 substrates</subfield></datafield><datafield ind2=" " ind1="0" tag="359"><subfield code="a">in Zusammenarbeit mit: Forschungszentrum Jülich GmbH/Institut Jülich Centre for Neutron Science JCNS ; JCNS-2, PGI-4 Streumethoden (Dr. rer. nat. Alexander Weber)</subfield></datafield><datafield ind2=" " ind1="0" tag="425"><subfield code="a">2014</subfield></datafield><datafield ind2="1" ind1="0" tag="519"><subfield code="a">Aachen, FH, Bachelorarbeit, 2014</subfield></datafield></record>