<record format="MarcXchange" type="Bibliographic"><leader>00000     2200000   000 </leader><controlfield tag="001">485432</controlfield><controlfield tag="002">24.03.2014</controlfield><datafield ind2="1" ind1="0" tag="014"><subfield code="a">61 C 13/14-48B</subfield></datafield><datafield ind2="1" ind1="0" tag="015"><subfield code="a">ger</subfield></datafield><datafield ind2="1" ind1="0" tag="029"><subfield code="a">06</subfield></datafield><datafield ind2="1" ind1="0" tag="100"><subfield code="a">Fechner, Jonas</subfield></datafield><datafield ind2="1" ind1="0" tag="101"><subfield code="a">Biselli, Manfred [Betreuer]</subfield></datafield><datafield ind2="1" ind1="0" tag="331"><subfield code="a">Expression und Aufreinigung von Ceramid Synthasen aus Säugerzellen unter Verwendung des Baculovirus-Expressionssystems</subfield></datafield><datafield ind2=" " ind1="0" tag="425"><subfield code="a">2013</subfield></datafield><datafield ind2="1" ind1="0" tag="519"><subfield code="a">Aachen, FH, Bachelorarbeit, 2014</subfield></datafield></record>