<record format="MarcXchange" type="Bibliographic"><leader>00000     2200000   000 </leader><controlfield tag="001">272195</controlfield><controlfield tag="002">12.07.2010</controlfield><controlfield tag="003">12.07.2010</controlfield><datafield ind2="1" ind1="0" tag="014"><subfield code="a">61 C 10-08M</subfield></datafield><datafield ind2="1" ind1="0" tag="015"><subfield code="a">ger</subfield></datafield><datafield ind2="1" ind1="0" tag="029"><subfield code="a">06</subfield></datafield><datafield ind2="1" ind1="0" tag="100"><subfield code="a">Feudjio Ngueguim , Yvone</subfield></datafield><datafield ind2="1" ind1="0" tag="101"><subfield code="a">Elbers, Gereon [Betreuer]</subfield></datafield><datafield ind2="1" ind1="0" tag="331"><subfield code="a">Untersuchung zur Darstellung von inneren Eigenschaften an Produkten aus Polyethylenterephthalat (PET) mit Hilfe infrarotspektroskopischer Methoden</subfield></datafield><datafield ind2=" " ind1="0" tag="359"><subfield code="a">in Zusammenarbeit mit: RWTH Aachen/Institut für Kunststoffverarbeitung ; Zentrum für Kunststoffanalyse und -prüfung (KAP) (Dr. rer. nat. R. Dahlmann)</subfield></datafield><datafield ind2=" " ind1="0" tag="425"><subfield code="a">2010</subfield></datafield><datafield ind2="1" ind1="0" tag="519"><subfield code="a">Aachen, FH, Masterarbeit, 2010</subfield></datafield></record>