<record format="MarcXchange" type="Bibliographic"><leader>00000     2200000   000 </leader><controlfield tag="001">277604</controlfield><controlfield tag="002">23.09.2010</controlfield><controlfield tag="003">23.09.2010</controlfield><datafield ind2="1" ind1="0" tag="014"><subfield code="a">61 BMT 10-88B</subfield></datafield><datafield ind2="1" ind1="0" tag="015"><subfield code="a">ger</subfield></datafield><datafield ind2="1" ind1="0" tag="029"><subfield code="a">06</subfield></datafield><datafield ind2="1" ind1="0" tag="100"><subfield code="a">Fischer, Kevin</subfield></datafield><datafield ind2="1" ind1="0" tag="101"><subfield code="a">Herzog, Hans [Betreuer]</subfield></datafield><datafield ind2="1" ind1="0" tag="331"><subfield code="a">Bestimmung von Leistungsparametern eines BrainPET in einem PET-MR-Hybridtomographen</subfield></datafield><datafield ind2=" " ind1="0" tag="359"><subfield code="a">in Zusammenarbeit mit: Forschungszentrum Jülich/Insitut für Neurowissenschaften und Medizin (Prof. Dr.-Ing Karl Ziemons)</subfield></datafield><datafield ind2=" " ind1="0" tag="425"><subfield code="a">2010</subfield></datafield><datafield ind2="1" ind1="0" tag="519"><subfield code="a">Aachen, FH, Bachelorarbeit, 2010</subfield></datafield></record>