<record format="MarcXchange" type="Bibliographic"><leader>00000     2200000   000 </leader><controlfield tag="001">258074</controlfield><controlfield tag="002">09.10.2009</controlfield><datafield ind2="1" ind1="0" tag="014"><subfield code="a">61 BMT 09-37B</subfield></datafield><datafield ind2="1" ind1="0" tag="015"><subfield code="a">ger</subfield></datafield><datafield ind2="1" ind1="0" tag="029"><subfield code="a">06</subfield></datafield><datafield ind2="1" ind1="0" tag="100"><subfield code="a">Forghani, Sara</subfield></datafield><datafield ind2="1" ind1="0" tag="101"><subfield code="a">Sponagel, Stefan [Betreuer]</subfield></datafield><datafield ind2="1" ind1="0" tag="331"><subfield code="a">Biologie der physikalischen Dimensionen (Allometrie)</subfield></datafield><datafield ind2="1" ind1="0" tag="335"><subfield code="a">Körpertemperatur bei verschiedenen Lebewesen und ihre Verhältnis mit Körpergröße und Wirkung der Umgebungstemperatur auf Hämatokrit, Erythrozyten und Hämoglobin im Blut</subfield></datafield><datafield ind2=" " ind1="0" tag="425"><subfield code="a">2009</subfield></datafield><datafield ind2="1" ind1="0" tag="519"><subfield code="a">Aachen, FH, Bachelorarbeit, 2009</subfield></datafield></record>