<record format="MarcXchange" type="Bibliographic"><leader>00000     2200000   000 </leader><controlfield tag="001">433630</controlfield><controlfield tag="002">27.06.2013</controlfield><datafield ind2="1" ind1="0" tag="014"><subfield code="a">61 C 12/13-53B</subfield></datafield><datafield ind2="1" ind1="0" tag="015"><subfield code="a">ger</subfield></datafield><datafield ind2="1" ind1="0" tag="029"><subfield code="a">06</subfield></datafield><datafield ind2="1" ind1="0" tag="100"><subfield code="a">Frenser, Frank</subfield></datafield><datafield ind2="1" ind1="0" tag="101"><subfield code="a">Janzik, Ingar [Betreuer]</subfield></datafield><datafield ind2="1" ind1="0" tag="331"><subfield code="a">Variation der Wurzeltemperatur zum Einfluss auf die Ausbeute der Plant-Microbial-Fuel-Cell</subfield></datafield><datafield ind2=" " ind1="0" tag="359"><subfield code="a">in Zusammenarbeit mit: Forschungszentrum Jülich/Institut für Bio- und Geowissenschaften ; Abteilung Pflanzenwissenschaften (IBG-2) Bereich Ecosystystem Dynamics (Dr. Arnd J. Kuhn)</subfield></datafield><datafield ind2=" " ind1="0" tag="425"><subfield code="a">2013</subfield></datafield><datafield ind2="1" ind1="0" tag="519"><subfield code="a">Aachen, FH, Bachelorarbeit, 2013</subfield></datafield></record>