<record format="MarcXchange" type="Bibliographic"><leader>00000     2200000   000 </leader><controlfield tag="001">473014</controlfield><controlfield tag="002">10.01.2014</controlfield><datafield ind2="1" ind1="0" tag="014"><subfield code="a">61 EU 13/14-16B</subfield></datafield><datafield ind2="1" ind1="0" tag="015"><subfield code="a">ger</subfield></datafield><datafield ind2="1" ind1="0" tag="029"><subfield code="a">06</subfield></datafield><datafield ind2="1" ind1="0" tag="100"><subfield code="a">Frizler, Johann</subfield></datafield><datafield ind2="1" ind1="0" tag="101"><subfield code="a">Bauschke, Stefan [Betreuer]</subfield></datafield><datafield ind2="1" ind1="0" tag="331"><subfield code="a">Untersuchungen zur Restnutzungsdauer einer Windenergieanlage basierend auf Daten aus ihrer Betriebszeit</subfield></datafield><datafield ind2=" " ind1="0" tag="425"><subfield code="a">2013</subfield></datafield><datafield ind2="1" ind1="0" tag="519"><subfield code="a">Aachen, FH, Bachelorarbeit, 2014</subfield></datafield></record>