<record format="MarcXchange" type="Bibliographic"><leader>00000     2200000   000 </leader><controlfield tag="001">248786</controlfield><controlfield tag="002">03.03.2009</controlfield><datafield ind2="1" ind1="0" tag="014"><subfield code="a">61 P 08/09-15B</subfield></datafield><datafield ind2="1" ind1="0" tag="015"><subfield code="a">ger</subfield></datafield><datafield ind2="1" ind1="0" tag="029"><subfield code="a">06</subfield></datafield><datafield ind2="1" ind1="0" tag="100"><subfield code="a">Frotscher, Ralf</subfield></datafield><datafield ind2="1" ind1="0" tag="101"><subfield code="a">Hoffmann, Jobst [Betreuer]</subfield></datafield><datafield ind2="1" ind1="0" tag="331"><subfield code="a">Adaptives Kontextmanagement für dynamische eHomes</subfield></datafield><datafield ind2=" " ind1="0" tag="359"><subfield code="a">in Zusammenarbeit mit: RWTH Aachen/Lehrstuhl für Informatik 3 (Softwaretechnik) (Dipl.-Inform. Daniel Retkowitz)</subfield></datafield><datafield ind2=" " ind1="0" tag="425"><subfield code="a">2008</subfield></datafield><datafield ind2="1" ind1="0" tag="519"><subfield code="a">Aachen, FH, Bachelorarbeit, 2008</subfield></datafield></record>