<record format="MarcXchange" type="Bibliographic"><leader>00000     2200000   000 </leader><controlfield tag="001">376263</controlfield><controlfield tag="002">29.06.2012</controlfield><controlfield tag="003">29.06.2012</controlfield><datafield ind2="1" ind1="0" tag="014"><subfield code="a">61 EU 11/12-38B</subfield></datafield><datafield ind2="1" ind1="0" tag="015"><subfield code="a">ger</subfield></datafield><datafield ind2="1" ind1="0" tag="029"><subfield code="a">06</subfield></datafield><datafield ind2="1" ind1="0" tag="100"><subfield code="a">Fuhrig, Fabian</subfield></datafield><datafield ind2="1" ind1="0" tag="101"><subfield code="a">Bauschke, Stefan [Betreuer]</subfield></datafield><datafield ind2="1" ind1="0" tag="331"><subfield code="a">Validierung des Modells eines softwaregestützten Tools zum Bewerten von Energiebilanzen und deren Optimierungspotenzial basierend auf Daten von Betrieben unterschiedlicher Branchen</subfield></datafield><datafield ind2=" " ind1="0" tag="359"><subfield code="a">in Zusammenarbeit mit: DCTI Deutschen Clean Tech Institut (M. Sc. Daniel Norton)</subfield></datafield><datafield ind2=" " ind1="0" tag="425"><subfield code="a">2012</subfield></datafield><datafield ind2="1" ind1="0" tag="519"><subfield code="a">Aachen, FH, Bachelorarbeit, 2012</subfield></datafield></record>