<record format="MarcXchange" type="Bibliographic"><leader>00000     2200000   000 </leader><controlfield tag="001">254588</controlfield><controlfield tag="002">09.07.2009</controlfield><datafield ind2="1" ind1="0" tag="014"><subfield code="a">61 C 09-15</subfield></datafield><datafield ind2="1" ind1="0" tag="015"><subfield code="a">ger</subfield></datafield><datafield ind2="1" ind1="0" tag="029"><subfield code="a">06</subfield></datafield><datafield ind2="1" ind1="0" tag="100"><subfield code="a">Gehlen, Sebastian</subfield></datafield><datafield ind2="1" ind1="0" tag="101"><subfield code="a">Lassonczyk, Beate [Betreuer]</subfield></datafield><datafield ind2="1" ind1="0" tag="331"><subfield code="a">Konzepterstellung für die Aufbereitung von Spülwässern bei der Herstellung von Getränkedosen aus Aluminium</subfield></datafield><datafield ind2=" " ind1="0" tag="359"><subfield code="a">in Zusammenarbeit mit: i+f process GmbH (Dipl.-Ing. Stefan Paluszak)</subfield></datafield><datafield ind2=" " ind1="0" tag="425"><subfield code="a">2009</subfield></datafield><datafield ind2="1" ind1="0" tag="519"><subfield code="a">Aachen, FH, Diplomarbeit, 2009</subfield></datafield></record>