<record format="MarcXchange" type="Bibliographic"><leader>00000     2200000   000 </leader><controlfield tag="001">258775</controlfield><controlfield tag="002">29.10.2009</controlfield><controlfield tag="003">29.10.2009</controlfield><datafield ind2="1" ind1="0" tag="014"><subfield code="a">61 EU 09-45</subfield></datafield><datafield ind2="1" ind1="0" tag="015"><subfield code="a">ger</subfield></datafield><datafield ind2="1" ind1="0" tag="029"><subfield code="a">06</subfield></datafield><datafield ind2="1" ind1="0" tag="100"><subfield code="a">Genter, Mirjam</subfield></datafield><datafield ind2="1" ind1="0" tag="101"><subfield code="a">Hoffschmidt, Bernhard [Betreuer]</subfield></datafield><datafield ind2="1" ind1="0" tag="331"><subfield code="a">Erfassung und Analyse des CO2 - Minderungspotentials durch dezentrale Energieversorgungsstrukturen in Deutschland bei einem Energiemix aus erneuerbaren und konventionellen Energien</subfield></datafield><datafield ind2=" " ind1="0" tag="425"><subfield code="a">2009</subfield></datafield><datafield ind2="1" ind1="0" tag="519"><subfield code="a">Aachen, FH, Diplomarbeit, 2009</subfield></datafield><datafield ind2="1" ind1="0" tag="600"><subfield code="a">unter Verschluss bis 2014</subfield></datafield></record>