<record format="MarcXchange" type="Bibliographic"><leader>00000     2200000   000 </leader><controlfield tag="001">381446</controlfield><controlfield tag="002">17.07.2012</controlfield><datafield ind2="1" ind1="0" tag="014"><subfield code="a">61 BMT 12-10B</subfield></datafield><datafield ind2="1" ind1="0" tag="015"><subfield code="a">ger</subfield></datafield><datafield ind2="1" ind1="0" tag="029"><subfield code="a">06</subfield></datafield><datafield ind2="1" ind1="0" tag="100"><subfield code="a">Gerbrand, Daniel</subfield></datafield><datafield ind2="1" ind1="0" tag="101"><subfield code="a">Stellberg, Michael [Betreuer]</subfield></datafield><datafield ind2="1" ind1="0" tag="331"><subfield code="a">Entwicklung einer verkürzten Replacement Sonde</subfield></datafield><datafield ind2="1" ind1="0" tag="335"><subfield code="a">zur Verwendung als Freka Button Ersatz</subfield></datafield><datafield ind2=" " ind1="0" tag="359"><subfield code="a">in Zusammenarbeit mit: CPE GmbH creative precision engineering (Dipl.-Ing. Achim Flesser)</subfield></datafield><datafield ind2=" " ind1="0" tag="425"><subfield code="a">2012</subfield></datafield><datafield ind2="1" ind1="0" tag="519"><subfield code="a">Aachen, FH, Bachelorarbeit, 2012</subfield></datafield><datafield ind2="1" ind1="0" tag="600"><subfield code="a">für immer unter Verschluss</subfield></datafield></record>