<record format="MarcXchange" type="Bibliographic"><leader>00000     2200000   000 </leader><controlfield tag="001">290579</controlfield><controlfield tag="002">16.05.2011</controlfield><controlfield tag="003">16.05.2011</controlfield><datafield ind2="1" ind1="0" tag="014"><subfield code="a">61 C 10/11-41B</subfield></datafield><datafield ind2="1" ind1="0" tag="015"><subfield code="a">ger</subfield></datafield><datafield ind2="1" ind1="0" tag="029"><subfield code="a">06</subfield></datafield><datafield ind2="1" ind1="0" tag="100"><subfield code="a">Gerhards John</subfield></datafield><datafield ind2="1" ind1="0" tag="101"><subfield code="a">Biselli, Manfred [Betreuer]</subfield></datafield><datafield ind2="1" ind1="0" tag="331"><subfield code="a">Entwicklung einer automatisierten Online-Sauerstoffanalyse für ein offenes, geschütteltes Kleinkultursystem im Repeated-batch-Betrieb am Beispiel der Essigfermentation</subfield></datafield><datafield ind2="1" ind1="0" tag="341"><subfield code="a">Development of an automated online oxygen analysis for an open, shaken small scale culture system in repeated batch mode using the example of vinegar fermentation</subfield></datafield><datafield ind2=" " ind1="0" tag="359"><subfield code="a">in Zusammenarbeit mit: RWTH Aachen/Aachener Verfhrenstechnik-Bioverfahrenstechnik (M.SC. Tino Schlepütz)</subfield></datafield><datafield ind2=" " ind1="0" tag="425"><subfield code="a">2011</subfield></datafield><datafield ind2="1" ind1="0" tag="519"><subfield code="a">Aachen, FH, Bachelorarbeit, 2011</subfield></datafield></record>