<record format="MarcXchange" type="Bibliographic"><leader>00000     2200000   000 </leader><controlfield tag="001">406847</controlfield><controlfield tag="002">04.01.2013</controlfield><controlfield tag="003">04.01.2013</controlfield><datafield ind2="1" ind1="0" tag="014"><subfield code="a">61 BMT 12-116B</subfield></datafield><datafield ind2="1" ind1="0" tag="015"><subfield code="a">ger</subfield></datafield><datafield ind2="1" ind1="0" tag="029"><subfield code="a">06</subfield></datafield><datafield ind2="1" ind1="0" tag="100"><subfield code="a">Gessenich, Kai</subfield></datafield><datafield ind2="1" ind1="0" tag="101"><subfield code="a">Ziemons, Karl [Betreuer]</subfield></datafield><datafield ind2="1" ind1="0" tag="331"><subfield code="a">Konstruktion und Validierung eines Doppelkammer-Flusssystems zur Untersuchung mechanischer Einflüsse auf die Gewebekultur</subfield></datafield><datafield ind2=" " ind1="0" tag="359"><subfield code="a">in Zusammenarbeit mit: RWTH Aachen/Helmholtz-Institut ; Universitätsklinikum Aachen (Univ.-Prof. Dr. med. Stefan Jockenhövel ; Dr. med. Christian Cornelissen)</subfield></datafield><datafield ind2=" " ind1="0" tag="425"><subfield code="a">2012</subfield></datafield><datafield ind2="1" ind1="0" tag="519"><subfield code="a">Aachen, FH, Bachelorarbeit, 2013</subfield></datafield><datafield ind2="1" ind1="0" tag="600"><subfield code="a">für immer unter Verschluss</subfield></datafield></record>