<record format="MarcXchange" type="Bibliographic"><leader>00000     2200000   000 </leader><controlfield tag="001">277308</controlfield><controlfield tag="002">15.09.2010</controlfield><controlfield tag="003">15.09.2010</controlfield><datafield ind2="1" ind1="0" tag="014"><subfield code="a">61 C 10-25B</subfield></datafield><datafield ind2="1" ind1="0" tag="015"><subfield code="a">ger</subfield></datafield><datafield ind2="1" ind1="0" tag="029"><subfield code="a">06</subfield></datafield><datafield ind2="1" ind1="0" tag="100"><subfield code="a">Goers, Roland</subfield></datafield><datafield ind2="1" ind1="0" tag="101"><subfield code="a">Lassonczyk, Beate [Betreuer]</subfield></datafield><datafield ind2="1" ind1="0" tag="331"><subfield code="a">Untersuchung der Laccaseproduktion des aquatischen Pilzes Phoma sp.UHH 5-1-03</subfield></datafield><datafield ind2=" " ind1="0" tag="425"><subfield code="a">2010</subfield></datafield><datafield ind2="1" ind1="0" tag="519"><subfield code="a">Aachen, FH, Bachelorarbeit, 2010</subfield></datafield></record>