<record format="MarcXchange" type="Bibliographic"><leader>00000     2200000   000 </leader><controlfield tag="001">296319</controlfield><controlfield tag="002">13.09.2011</controlfield><controlfield tag="003">31.07.2012</controlfield><datafield ind2="1" ind1="0" tag="014"><subfield code="a">61 BMT 11-18</subfield></datafield><datafield ind2="1" ind1="0" tag="015"><subfield code="a">ger</subfield></datafield><datafield ind2="1" ind1="0" tag="029"><subfield code="a">06</subfield></datafield><datafield ind2="1" ind1="0" tag="100"><subfield code="a">Graef, Tobias</subfield></datafield><datafield ind2="1" ind1="0" tag="101"><subfield code="a">Artmann, Gerhard [Betreuer]</subfield></datafield><datafield ind2="1" ind1="0" tag="331"><subfield code="a">Veränderung der Wärmebeständigkeit vonProteinen durch Verbindungen von geringem Molekulargewicht</subfield></datafield><datafield ind2=" " ind1="0" tag="425"><subfield code="a">2011</subfield></datafield><datafield ind2="1" ind1="0" tag="519"><subfield code="a">Aachen, FH, Diplomarbeit, 2011</subfield></datafield></record>