<record format="MarcXchange" type="Bibliographic"><leader>00000     2200000   000 </leader><controlfield tag="001">302383</controlfield><controlfield tag="002">04.01.2012</controlfield><datafield ind2="1" ind1="0" tag="014"><subfield code="a">61 BMT 11/12-21</subfield></datafield><datafield ind2="1" ind1="0" tag="015"><subfield code="a">ger</subfield></datafield><datafield ind2="1" ind1="0" tag="029"><subfield code="a">06</subfield></datafield><datafield ind2="1" ind1="0" tag="100"><subfield code="a">Gralla, Thomas</subfield></datafield><datafield ind2="1" ind1="0" tag="101"><subfield code="a">Helsper, Christoph [Betreuer]</subfield></datafield><datafield ind2="1" ind1="0" tag="331"><subfield code="a">Weiterentwicklung eines LWL-Mikropositionierungssystems</subfield></datafield><datafield ind2=" " ind1="0" tag="359"><subfield code="a">in Zusammenarbeit mit: Fraunhofer Institut für Produktionstechnologie, Aachen (Dipl.-Ing. Andreas Witte)</subfield></datafield><datafield ind2=" " ind1="0" tag="425"><subfield code="a">2011</subfield></datafield><datafield ind2="1" ind1="0" tag="519"><subfield code="a">Aachen, FH, Diplomarbeit, 2012</subfield></datafield><datafield ind2="1" ind1="0" tag="600"><subfield code="a">für immer unter Verschluss</subfield></datafield></record>