<record format="MarcXchange" type="Bibliographic"><leader>00000     2200000   000 </leader><controlfield tag="001">264045</controlfield><controlfield tag="002">30.03.2010</controlfield><controlfield tag="003">30.03.2010</controlfield><datafield ind2="1" ind1="0" tag="014"><subfield code="a">61 P 09/10-67</subfield></datafield><datafield ind2="1" ind1="0" tag="015"><subfield code="a">ger</subfield></datafield><datafield ind2="1" ind1="0" tag="029"><subfield code="a">06</subfield></datafield><datafield ind2="1" ind1="0" tag="100"><subfield code="a">Gras, Michael</subfield></datafield><datafield ind2="1" ind1="0" tag="101"><subfield code="a">Terstegge, Andreas [Betreuere]</subfield></datafield><datafield ind2="1" ind1="0" tag="331"><subfield code="a">Softwarepool goes online</subfield></datafield><datafield ind2="1" ind1="0" tag="335"><subfield code="a">Entwicklung einer Internetplattform zur Nutzung von Ingenieur-Onlinedienstleistungen</subfield></datafield><datafield ind2=" " ind1="0" tag="359"><subfield code="a">in Zusammenarbeit mit: RWTH Aachen/Werkzeugmaschinenlabor WZL ; Lehrstuhl für Werkzeugmaschinen (Dipl.-Ing. Dipl.-Inform. Günter Körner)</subfield></datafield><datafield ind2=" " ind1="0" tag="425"><subfield code="a">2010</subfield></datafield><datafield ind2="1" ind1="0" tag="519"><subfield code="a">Aachen, FH, Diplomarbeit, 2010</subfield></datafield></record>