<record format="MarcXchange" type="Bibliographic"><leader>00000     2200000   000 </leader><controlfield tag="001">249200</controlfield><controlfield tag="002">19.03.2009</controlfield><controlfield tag="003">16.09.2013</controlfield><datafield ind2="1" ind1="0" tag="014"><subfield code="a">61 EU 08/09-24</subfield></datafield><datafield ind2="1" ind1="0" tag="015"><subfield code="a">ger</subfield></datafield><datafield ind2="1" ind1="0" tag="029"><subfield code="a">06</subfield></datafield><datafield ind2="1" ind1="0" tag="100"><subfield code="a">Grates, Carsten</subfield></datafield><datafield ind2="1" ind1="0" tag="101"><subfield code="a">Förster, Arnold  [Betreuer]</subfield></datafield><datafield ind2="1" ind1="0" tag="331"><subfield code="a">Aufbau eines Pulsmessplatzes und Messungen von Durchbruchspannungen an Graded Gap FaAs Gunn-Dioden</subfield></datafield><datafield ind2=" " ind1="0" tag="425"><subfield code="a">2009</subfield></datafield><datafield ind2="1" ind1="0" tag="519"><subfield code="a">Aachen, FH, Diplomarbeit, 2009</subfield></datafield></record>