<record format="MarcXchange" type="Bibliographic"><leader>00000     2200000   000 </leader><controlfield tag="001">300696</controlfield><controlfield tag="002">05.12.2011</controlfield><controlfield tag="003">09.09.2014</controlfield><datafield ind2="1" ind1="0" tag="014"><subfield code="a">61 C 11-47B</subfield></datafield><datafield ind2="1" ind1="0" tag="015"><subfield code="a">ger</subfield></datafield><datafield ind2="1" ind1="0" tag="029"><subfield code="a">06</subfield></datafield><datafield ind2="1" ind1="0" tag="100"><subfield code="a">Grobelny, Anna</subfield></datafield><datafield ind2="1" ind1="0" tag="101"><subfield code="a">Rath, Walter [Betreuer]</subfield></datafield><datafield ind2="1" ind1="0" tag="331"><subfield code="a">Entwicklung hydrophober Gele auf Polyurethan-Basis</subfield></datafield><datafield ind2=" " ind1="0" tag="425"><subfield code="a">2011</subfield></datafield><datafield ind2="1" ind1="0" tag="519"><subfield code="a">Aachen, FH, Bachelorarbeit, 2011</subfield></datafield><datafield ind2="1" ind1="0" tag="600"><subfield code="a">freigegeben 1408</subfield></datafield><datafield ind2="2" ind1="0" tag="600"><subfield code="a">Verschluss aufgehoben durch Prof. Rath 8/2014</subfield></datafield></record>