<record format="MarcXchange" type="Bibliographic"><leader>00000     2200000   000 </leader><controlfield tag="001">233644</controlfield><controlfield tag="002">19.12.2007</controlfield><controlfield tag="003">02.11.2012</controlfield><datafield ind2="1" ind1="9" tag="905"><subfield code="a">07/4638</subfield></datafield><datafield ind2="1" ind1="9" tag="909"><subfield code="a">HBZ</subfield></datafield><datafield ind2="1" ind1="0" tag="010"><subfield code="a">HT000152721</subfield></datafield><datafield ind2="1" ind1="0" tag="014"><subfield code="a">61 WCJ 162</subfield></datafield><datafield ind2="1" ind1="0" tag="015"><subfield code="a">ger</subfield></datafield><datafield ind2=" " ind1="0" tag="027"><subfield code="a">V</subfield></datafield><datafield ind2="1" ind1="0" tag="035"><subfield code="a">DE</subfield></datafield><datafield ind2=" " ind1="0" tag="036"><subfield code="a">m</subfield></datafield><datafield ind2=" " ind1="0" tag="038"><subfield code="a">y</subfield></datafield><datafield ind2="1" ind1="0" tag="100"><subfield code="a">Grüters, Hugo</subfield></datafield><datafield ind2="1" ind1="0" tag="331"><subfield code="a">Berechnung des Spannungszustandes in homogenen anisotropen Scheiben mit Hilfe einer Integralgleichungsmethode</subfield></datafield><datafield ind2=" " ind1="0" tag="359"><subfield code="a">vorgelegt von Hugo Grüters</subfield></datafield><datafield ind2=" " ind1="0" tag="425"><subfield code="a">1971</subfield></datafield><datafield ind2="1" ind1="0" tag="433"><subfield code="a">Getr. Zählung : Ill., graph. Darst.</subfield></datafield><datafield ind2="1" ind1="0" tag="519"><subfield code="a">Aachen, Techn. Hochsch., Diss., 1971</subfield></datafield><datafield ind2="1" ind1="0" tag="600"><subfield code="a">neu1210</subfield></datafield><datafield ind2="1" ind1="0" tag="606"><subfield code="a">nie</subfield></datafield><datafield ind2="1" ind1="0" tag="700"><subfield code="a">WCJ</subfield></datafield><datafield ind2=" " ind1="0" tag="800"><subfield code="a">a</subfield></datafield><datafield ind2="1" ind1="1" tag="024"><subfield code="a">HBZHT000152721</subfield></datafield><datafield ind2="1" ind1="1" tag="672"><subfield code="a">Aachen</subfield></datafield><datafield ind2="1" ind1="1" tag="675"><subfield code="a">2027976-0</subfield></datafield></record>