<record format="MarcXchange" type="Bibliographic"><leader>00000     2200000   000 </leader><controlfield tag="001">381487</controlfield><controlfield tag="002">18.07.2012</controlfield><datafield ind2="1" ind1="0" tag="014"><subfield code="a">61 EU 12-08B</subfield></datafield><datafield ind2="1" ind1="0" tag="015"><subfield code="a">ger</subfield></datafield><datafield ind2="1" ind1="0" tag="029"><subfield code="a">06</subfield></datafield><datafield ind2="1" ind1="0" tag="100"><subfield code="a">Guangbing, Sun</subfield></datafield><datafield ind2="1" ind1="0" tag="101"><subfield code="a">Breitbach, Gerd [Betreuer]</subfield></datafield><datafield ind2="1" ind1="0" tag="331"><subfield code="a">Experimentelle Analyse eines metallischen Drahtgewebeabsorbers für Solarturmkraftwerke</subfield></datafield><datafield ind2=" " ind1="0" tag="425"><subfield code="a">2012</subfield></datafield><datafield ind2="1" ind1="0" tag="519"><subfield code="a">Aachen, FH, Bachelorarbeit, 2012</subfield></datafield><datafield ind2="1" ind1="0" tag="600"><subfield code="a">für immer unter Verschluss</subfield></datafield></record>