<record format="MarcXchange" type="Bibliographic"><leader>00000     2200000   000 </leader><controlfield tag="001">270574</controlfield><controlfield tag="002">01.06.2010</controlfield><controlfield tag="003">01.06.2010</controlfield><datafield ind2="1" ind1="0" tag="014"><subfield code="a">61 BMT 10-09M</subfield></datafield><datafield ind2="1" ind1="0" tag="015"><subfield code="a">eng.</subfield></datafield><datafield ind2="1" ind1="0" tag="029"><subfield code="a">06</subfield></datafield><datafield ind2="1" ind1="0" tag="100"><subfield code="a">Guu, Donald</subfield></datafield><datafield ind2="1" ind1="0" tag="101"><subfield code="a">Rateike, Franz-Matthias [Betreuer]</subfield></datafield><datafield ind2="1" ind1="0" tag="331"><subfield code="a">Spectroscopic studies for the advanced oxidation of organic pollutants in drinking water</subfield></datafield><datafield ind2=" " ind1="0" tag="359"><subfield code="a">in Zusammenarbeit mit: Philips Forschungslabor Aachen (Dr. Daiyu Hayashi)</subfield></datafield><datafield ind2=" " ind1="0" tag="425"><subfield code="a">2010</subfield></datafield><datafield ind2="1" ind1="0" tag="519"><subfield code="a">Aachen, FH, Masterarbeit, 2010</subfield></datafield></record>