<record format="MarcXchange" type="Bibliographic"><leader>00000     2200000   000 </leader><controlfield tag="001">401889</controlfield><controlfield tag="002">13.12.2012</controlfield><controlfield tag="003">13.12.2012</controlfield><datafield ind2="1" ind1="0" tag="014"><subfield code="a">61 EU 12-30B</subfield></datafield><datafield ind2="1" ind1="0" tag="015"><subfield code="a">ger</subfield></datafield><datafield ind2="1" ind1="0" tag="029"><subfield code="a">06</subfield></datafield><datafield ind2="1" ind1="0" tag="100"><subfield code="a">Haaken, Alexander</subfield></datafield><datafield ind2="1" ind1="0" tag="101"><subfield code="a">Bauschke, Stefan [Betreuer]</subfield></datafield><datafield ind2="1" ind1="0" tag="331"><subfield code="a">Recherche und Entwicklung eines Schemas, zum Optimieren von Bestandsgebäuden 1960 bis 1980, hin zu energieeffiziente Gebäude 2012, durch bauliche und anlagentechnische Maßnahmen</subfield></datafield><datafield ind2=" " ind1="0" tag="359"><subfield code="a">in Zusammenarbeit mit: Fa. NEW Re GmbH (Dipl.-Ing. Rainer Sender)</subfield></datafield><datafield ind2=" " ind1="0" tag="425"><subfield code="a">2012</subfield></datafield><datafield ind2="1" ind1="0" tag="519"><subfield code="a">Aachen, FH, Bachelorarbeit, 2012</subfield></datafield></record>