<record format="MarcXchange" type="Bibliographic"><leader>00000     2200000   000 </leader><controlfield tag="001">188118</controlfield><controlfield tag="002">03.07.2002</controlfield><controlfield tag="003">17.04.2012</controlfield><datafield ind2="2" ind1="9" tag="905"><subfield code="a">03/0005412</subfield></datafield><datafield ind2="3" ind1="9" tag="905"><subfield code="a">04/0002044</subfield></datafield><datafield ind2="1" ind1="9" tag="909"><subfield code="a">HBZ</subfield></datafield><datafield ind2="1" ind1="0" tag="010"><subfield code="a">HT013354274</subfield></datafield><datafield ind2="2" ind1="0" tag="011"><subfield code="a">FAC50011678398-000020</subfield></datafield><datafield ind2="3" ind1="0" tag="011"><subfield code="a">HBZ60023259967-000040</subfield></datafield><datafield ind2="1" ind1="0" tag="014"><subfield code="a">11 ZPO 444</subfield></datafield><datafield ind2="2" ind1="0" tag="014"><subfield code="a">61 WTU 642</subfield></datafield><datafield ind2="1" ind1="0" tag="015"><subfield code="a">ger</subfield></datafield><datafield ind2=" " ind1="0" tag="027"><subfield code="a">V</subfield></datafield><datafield ind2="1" ind1="0" tag="035"><subfield code="a">DE</subfield></datafield><datafield ind2=" " ind1="0" tag="036"><subfield code="a">m</subfield></datafield><datafield ind2=" " ind1="0" tag="038"><subfield code="a">y</subfield></datafield><datafield ind2=" " ind1="0" tag="039"><subfield code="a">z</subfield></datafield><datafield ind2="1" ind1="0" tag="100"><subfield code="a">Hagemann, Ingo Bert</subfield></datafield><datafield ind2="1" ind1="0" tag="331"><subfield code="a">Gebäudeintegrierte Photovoltaik</subfield></datafield><datafield ind2="1" ind1="0" tag="335"><subfield code="a">architektonische Integration von Photovoltaik in die Gebäudehülle</subfield></datafield><datafield ind2=" " ind1="0" tag="359"><subfield code="a">Ingo B. Hagemann</subfield></datafield><datafield ind2="1" ind1="0" tag="410"><subfield code="a">Köln</subfield></datafield><datafield ind2="1" ind1="0" tag="412"><subfield code="a">Müller</subfield></datafield><datafield ind2=" " ind1="0" tag="425"><subfield code="a">2002</subfield></datafield><datafield ind2="1" ind1="0" tag="433"><subfield code="a">433 S. : zahlr. Ill., graph. Darst.</subfield></datafield><datafield ind2="1" ind1="0" tag="519"><subfield code="a">Zugl.: Aachen, Techn. Hochsch., Diss., 2002 - Unveränd. Druck der Dissertationsschrift "Gebäudeintegrierte Photovoltaik-Systeme, ein Beitrag zur Integration von Photovoltaik-Elementen in die Gebäudehülle"</subfield></datafield><datafield ind2="1" ind1="0" tag="540"><subfield code="a">3-481-01776-6</subfield></datafield><datafield ind2="1" ind1="0" tag="542"><subfield code="a">Gb. : ca. DM 133.00, ca. EUR 68.00, ca. sfr 114.00, ca. S 971.00</subfield></datafield><datafield ind2="1" ind1="0" tag="600"><subfield code="a">neu0207, neu0312, neu0410</subfield></datafield><datafield ind2="1" ind1="0" tag="606"><subfield code="a">ho/Pr/br/schu/bk</subfield></datafield><datafield ind2="1" ind1="0" tag="700"><subfield code="a">ZPO</subfield></datafield><datafield ind2="2" ind1="0" tag="700"><subfield code="a">WTU</subfield></datafield><datafield ind2="1" ind1="0" tag="751"><subfield code="a">Buck</subfield></datafield><datafield ind2=" " ind1="0" tag="800"><subfield code="a">a</subfield></datafield><datafield ind2=" " ind1="0" tag="802"><subfield code="a">a</subfield></datafield><datafield ind2="1" ind1="0" tag="902"><subfield code="a">Photovoltaik</subfield></datafield><datafield ind2="2" ind1="0" tag="902"><subfield code="a">Gebäude</subfield></datafield><datafield ind2="1" ind1="0" tag="903"><subfield code="a">21</subfield></datafield><datafield ind2="2" ind1="1" tag="024"><subfield code="a">a|a||||||||</subfield></datafield><datafield ind2="3" ind1="1" tag="024"><subfield code="a">a|a||||||||</subfield></datafield><datafield ind2="4" ind1="1" tag="024"><subfield code="a">a|a||||||||</subfield></datafield><datafield ind2="1" ind1="1" tag="672"><subfield code="a">Aachen</subfield></datafield><datafield ind2="1" ind1="1" tag="675"><subfield code="a">2027976-0</subfield></datafield><datafield ind2="1" ind1="1" tag="701"><subfield code="a">ZH 3070</subfield></datafield></record>