<record format="MarcXchange" type="Bibliographic"><leader>00000     2200000   000 </leader><controlfield tag="001">288234</controlfield><controlfield tag="002">21.04.2011</controlfield><datafield ind2="1" ind1="0" tag="014"><subfield code="a">61 P 10/11-70B</subfield></datafield><datafield ind2="1" ind1="0" tag="015"><subfield code="a">ger</subfield></datafield><datafield ind2="1" ind1="0" tag="029"><subfield code="a">06</subfield></datafield><datafield ind2="1" ind1="0" tag="100"><subfield code="a">Hahn, Benjamin</subfield></datafield><datafield ind2="1" ind1="0" tag="101"><subfield code="a">Hanrath, Wilhelm [Betreuer]</subfield></datafield><datafield ind2="1" ind1="0" tag="331"><subfield code="a">Entwurf und Implementierung einer Schnittstelle zum Export von mit der C++ -Nmerik-Bibliothek erzeugten Oberflächen in CAx-Systeme</subfield></datafield><datafield ind2=" " ind1="0" tag="425"><subfield code="a">2011</subfield></datafield><datafield ind2="1" ind1="0" tag="519"><subfield code="a">Aachen, FH, Bachelorarbeit, 2011</subfield></datafield></record>