<record format="MarcXchange" type="Bibliographic"><leader>00000     2200000   000 </leader><controlfield tag="001">486819</controlfield><controlfield tag="002">07.04.2014</controlfield><datafield ind2="1" ind1="0" tag="014"><subfield code="a">61 BMT 13/14-79M</subfield></datafield><datafield ind2="1" ind1="0" tag="015"><subfield code="a">eng</subfield></datafield><datafield ind2="1" ind1="0" tag="029"><subfield code="a">06</subfield></datafield><datafield ind2="1" ind1="0" tag="100"><subfield code="a">Hammer, Bettine</subfield></datafield><datafield ind2="1" ind1="0" tag="101"><subfield code="a">Behbahani, Mehdi [Betreuer]</subfield></datafield><datafield ind2="1" ind1="0" tag="331"><subfield code="a">CFD Study of Organ Preservation Solutions on Liver Transplantation</subfield></datafield><datafield ind2=" " ind1="0" tag="425"><subfield code="a">2013</subfield></datafield><datafield ind2="1" ind1="0" tag="519"><subfield code="a">Aachen, FH, Masterarbeit, 2014</subfield></datafield></record>