<record format="MarcXchange" type="Bibliographic"><leader>00000     2200000   000 </leader><controlfield tag="001">296384</controlfield><controlfield tag="002">15.09.2011</controlfield><controlfield tag="003">15.09.2011</controlfield><datafield ind2="1" ind1="0" tag="014"><subfield code="a">61 EU 11-17M</subfield></datafield><datafield ind2="1" ind1="0" tag="015"><subfield code="a">eng</subfield></datafield><datafield ind2="1" ind1="0" tag="029"><subfield code="a">06</subfield></datafield><datafield ind2="1" ind1="0" tag="100"><subfield code="a">Harb, Hassan</subfield></datafield><datafield ind2="1" ind1="0" tag="101"><subfield code="a">Blum, Ludger [Betreuer]</subfield></datafield><datafield ind2="1" ind1="0" tag="331"><subfield code="a">Technical analysis of pressure swing adsorption processes for carbon dioxide capture in power plants</subfield></datafield><datafield ind2=" " ind1="0" tag="359"><subfield code="a">in Zusammenarbeit mit: Forschungszentrum Jülich GmbH/Institut für Energie- und Klimaforschung Brennstoffzellen (IEK-3) (Dipl.-Ing. Sebastian Schiebahn)</subfield></datafield><datafield ind2=" " ind1="0" tag="425"><subfield code="a">2011</subfield></datafield><datafield ind2="1" ind1="0" tag="519"><subfield code="a">Aachen, FH, Masterarbeit, 2011</subfield></datafield></record>