<record format="MarcXchange" type="Bibliographic"><leader>00000     2200000   000 </leader><controlfield tag="001">254809</controlfield><controlfield tag="002">14.07.2009</controlfield><datafield ind2="1" ind1="0" tag="014"><subfield code="a">61 BMT 09-20</subfield></datafield><datafield ind2="1" ind1="0" tag="015"><subfield code="a">ger</subfield></datafield><datafield ind2="1" ind1="0" tag="029"><subfield code="a">06</subfield></datafield><datafield ind2="1" ind1="0" tag="100"><subfield code="a">Hariri, Sallah</subfield></datafield><datafield ind2="1" ind1="0" tag="101"><subfield code="a">Müller-Veggian, Mattea [Betreuer]</subfield></datafield><datafield ind2="1" ind1="0" tag="331"><subfield code="a">Charakterisierung und Inbetriebnahme des RS2000 für Zell- und Tier-Bestrahlungen</subfield></datafield><datafield ind2=" " ind1="0" tag="359"><subfield code="a">in Zusammenarbeit mit: Radiologischen Universitätsklinik Bonn/Abteilung für Strahlentherapie (Dr. rer. nat. S. Garbe)</subfield></datafield><datafield ind2=" " ind1="0" tag="425"><subfield code="a">2009</subfield></datafield><datafield ind2="1" ind1="0" tag="519"><subfield code="a">Aachen, FH,  Diplomarbeit, 2009</subfield></datafield></record>