<record format="MarcXchange" type="Bibliographic"><leader>00000     2200000   000 </leader><controlfield tag="001">259537</controlfield><controlfield tag="002">19.11.2009</controlfield><controlfield tag="003">19.11.2009</controlfield><datafield ind2="1" ind1="0" tag="014"><subfield code="a">61 P 09-112B</subfield></datafield><datafield ind2="1" ind1="0" tag="015"><subfield code="a">ger</subfield></datafield><datafield ind2="1" ind1="0" tag="029"><subfield code="a">06</subfield></datafield><datafield ind2="1" ind1="0" tag="100"><subfield code="a">Harlaß, Carsten</subfield></datafield><datafield ind2="1" ind1="0" tag="101"><subfield code="a">Hoffmann, Jobst [Betreuer]</subfield></datafield><datafield ind2="1" ind1="0" tag="331"><subfield code="a">Java-Interface zur integrierten Monte-Carlo basierten Gamma-Dosisleitungsberechnung an Behältern für radioaktiven Abfall</subfield></datafield><datafield ind2="1" ind1="0" tag="335"><subfield code="a">MonteShield</subfield></datafield><datafield ind2=" " ind1="0" tag="359"><subfield code="a">in Zusammenarbeit mit: Fa. WTI Wissenschaftlich-Technische Ingenieurberatung GmbH, Jülich (Prof. Dr.-Ing. Peter-W. Phlippen)</subfield></datafield><datafield ind2=" " ind1="0" tag="425"><subfield code="a">2009</subfield></datafield><datafield ind2="1" ind1="0" tag="519"><subfield code="a">Aachen, FH, Bachelorarbeit, 2009</subfield></datafield><datafield ind2="1" ind1="0" tag="600"><subfield code="a">für immer unter Verschluss</subfield></datafield></record>