<record format="MarcXchange" type="Bibliographic"><leader>00000     2200000   000 </leader><controlfield tag="001">301105</controlfield><controlfield tag="002">15.12.2011</controlfield><controlfield tag="003">15.12.2011</controlfield><datafield ind2="1" ind1="0" tag="014"><subfield code="a">61 EU 11/12-02M</subfield></datafield><datafield ind2="1" ind1="0" tag="015"><subfield code="a">eng</subfield></datafield><datafield ind2="1" ind1="0" tag="029"><subfield code="a">06</subfield></datafield><datafield ind2="1" ind1="0" tag="100"><subfield code="a">Harris, Neal</subfield></datafield><datafield ind2="1" ind1="0" tag="101"><subfield code="a">Hake, Jürgen-Friedrich [Betreuer]</subfield></datafield><datafield ind2="1" ind1="0" tag="331"><subfield code="a">A historical analysis of the world and international energy outlooks</subfield></datafield><datafield ind2="1" ind1="0" tag="335"><subfield code="a">Competencies, mistakes and perspective</subfield></datafield><datafield ind2=" " ind1="0" tag="359"><subfield code="a">in Zusammenarbeit mit: Forschungszentrum Jülich GmbH/Institute für Energieforschung, Systemforschung und Technologische Entwicklung (IEF-STE) (Dr. Tobias Kronenberg)</subfield></datafield><datafield ind2=" " ind1="0" tag="425"><subfield code="a">2011</subfield></datafield><datafield ind2="1" ind1="0" tag="519"><subfield code="a">Aachen, FH, Masterarbeit, 2011</subfield></datafield></record>