<record format="MarcXchange" type="Bibliographic"><leader>00000     2200000   000 </leader><controlfield tag="001">381490</controlfield><controlfield tag="002">18.07.2012</controlfield><controlfield tag="003">18.07.2012</controlfield><datafield ind2="1" ind1="0" tag="014"><subfield code="a">61 C 12-11B</subfield></datafield><datafield ind2="1" ind1="0" tag="015"><subfield code="a">eng</subfield></datafield><datafield ind2="1" ind1="0" tag="029"><subfield code="a">06</subfield></datafield><datafield ind2="1" ind1="0" tag="100"><subfield code="a">Hartke, Martin</subfield></datafield><datafield ind2="1" ind1="0" tag="101"><subfield code="a">Janzik, Ingar [Betreuer]</subfield></datafield><datafield ind2="1" ind1="0" tag="331"><subfield code="a">Analysis of a conserved regulatory block within the promoter of the Arabidopsis thaliana flowering-time gene GIGANTEA</subfield></datafield><datafield ind2=" " ind1="0" tag="359"><subfield code="a">in Zusammenarbeit mit: Max Planck Institute for Plant Breeding Research (Dr. rer. nat. Markus Berns)</subfield></datafield><datafield ind2=" " ind1="0" tag="425"><subfield code="a">2012</subfield></datafield><datafield ind2="1" ind1="0" tag="519"><subfield code="a">Aachen, FH, Bachelorarbeit, 2012</subfield></datafield></record>