<record format="MarcXchange" type="Bibliographic"><leader>00000     2200000   000 </leader><controlfield tag="001">168075</controlfield><controlfield tag="002">12.01.1999</controlfield><controlfield tag="003">29.06.2006</controlfield><datafield ind2="1" ind1="0" tag="014"><subfield code="a">61 C 98/99-13</subfield></datafield><datafield ind2="1" ind1="0" tag="015"><subfield code="a">ger</subfield></datafield><datafield ind2="1" ind1="0" tag="029"><subfield code="a">06</subfield></datafield><datafield ind2="1" ind1="0" tag="100"><subfield code="a">Hasse, Andre</subfield></datafield><datafield ind2="1" ind1="0" tag="101"><subfield code="a">Scherer, Ulrich [Betreuer]</subfield></datafield><datafield ind2="1" ind1="0" tag="331"><subfield code="a">Optimierung der Untersuchung industrieller Prozeßabwässer mittels ICP-OES (Induktiv Gekoppletes Plasma - Atom-Emissions-Spektrometrie)</subfield></datafield><datafield ind2=" " ind1="0" tag="359"><subfield code="a">in Zusammenarbeit mit: InfraServ Knapsack                                                              (Herr Jungmann)</subfield></datafield><datafield ind2=" " ind1="0" tag="425"><subfield code="a">1999</subfield></datafield><datafield ind2="1" ind1="0" tag="519"><subfield code="a">Aachen, Fachhochschule, Diplomarbeit, 1999</subfield></datafield></record>