<record format="MarcXchange" type="Bibliographic"><leader>00000     2200000   000 </leader><controlfield tag="001">248795</controlfield><controlfield tag="002">03.03.2009</controlfield><controlfield tag="003">03.03.2009</controlfield><datafield ind2="1" ind1="0" tag="014"><subfield code="a">61 BMT 08/09-21M</subfield></datafield><datafield ind2="1" ind1="0" tag="015"><subfield code="a">eng</subfield></datafield><datafield ind2="1" ind1="0" tag="029"><subfield code="a">06</subfield></datafield><datafield ind2="1" ind1="0" tag="100"><subfield code="a">Hataihimakul, Sudkanung</subfield></datafield><datafield ind2="1" ind1="0" tag="101"><subfield code="a">Schöning, Michael [Betreuer]</subfield></datafield><datafield ind2="1" ind1="0" tag="331"><subfield code="a">Development of ion-selective electrodes based on glass micropipettes and silicon-based field-effect sensor structures for the determination of Mg2+- and NH4+-ion activity for application in urology</subfield></datafield><datafield ind2=" " ind1="0" tag="359"><subfield code="a">in Zusammenarbeit mit: Research Center Juelich GmbH/Institute of Bio- and Nanosystems (IBN-2) ; NTTF Coatings GmbH ; University of Bonn/Division of Experimental Urology ; Kaiserslautern University of Technology/Institute of Thin Film Technology</subfield></datafield><datafield ind2=" " ind1="0" tag="425"><subfield code="a">2008</subfield></datafield><datafield ind2="1" ind1="0" tag="519"><subfield code="a">Aachen, FH, Masterarbeit, 2008</subfield></datafield></record>