<record format="MarcXchange" type="Bibliographic"><leader>00000     2200000   000 </leader><controlfield tag="001">464058</controlfield><controlfield tag="002">20.11.2013</controlfield><datafield ind2="1" ind1="0" tag="014"><subfield code="a">61 P 13/14-07B</subfield></datafield><datafield ind2="1" ind1="0" tag="015"><subfield code="a">ger</subfield></datafield><datafield ind2="1" ind1="0" tag="029"><subfield code="a">06</subfield></datafield><datafield ind2="1" ind1="0" tag="100"><subfield code="a">Heep, Timo</subfield></datafield><datafield ind2="1" ind1="0" tag="101"><subfield code="a">Schelthoff, Christof [Betreuer]</subfield></datafield><datafield ind2="1" ind1="0" tag="331"><subfield code="a">Exakte und numerische Lösung linearer Differentialgleichungen unter Android</subfield></datafield><datafield ind2=" " ind1="0" tag="425"><subfield code="a">2013</subfield></datafield><datafield ind2="1" ind1="0" tag="519"><subfield code="a">Aachen, FH, Bachelorarbeit, 2013</subfield></datafield></record>