<record format="MarcXchange" type="Bibliographic"><leader>00000     2200000   000 </leader><controlfield tag="001">498861</controlfield><controlfield tag="002">27.06.2014</controlfield><controlfield tag="003">27.06.2014</controlfield><datafield ind2="1" ind1="0" tag="014"><subfield code="a">61 ET 14-06B</subfield></datafield><datafield ind2="1" ind1="0" tag="015"><subfield code="a">ger</subfield></datafield><datafield ind2="1" ind1="0" tag="029"><subfield code="a">06</subfield></datafield><datafield ind2="1" ind1="0" tag="100"><subfield code="a">Heer, Sebastian</subfield></datafield><datafield ind2="1" ind1="0" tag="101"><subfield code="a">Krause, Gregor [Betreuer]</subfield></datafield><datafield ind2="1" ind1="0" tag="331"><subfield code="a">Untersuchung von Ausgleichsströmen in Mittelspannungsringnetzen</subfield></datafield><datafield ind2=" " ind1="0" tag="359"><subfield code="a">in Zusammenarbeit mit: Stawag Emanagement (Dipl.-Ing. Peter Zimmer)</subfield></datafield><datafield ind2=" " ind1="0" tag="425"><subfield code="a">2014</subfield></datafield><datafield ind2="1" ind1="0" tag="519"><subfield code="a">Aachen, FH, Bachelorarbeit, 2014</subfield></datafield></record>