<record format="MarcXchange" type="Bibliographic"><leader>00000     2200000   000 </leader><controlfield tag="001">472607</controlfield><controlfield tag="002">08.01.2014</controlfield><controlfield tag="003">08.01.2014</controlfield><datafield ind2="1" ind1="0" tag="014"><subfield code="a">61 C 13-57B</subfield></datafield><datafield ind2="1" ind1="0" tag="015"><subfield code="a">ger</subfield></datafield><datafield ind2="1" ind1="0" tag="029"><subfield code="a">06</subfield></datafield><datafield ind2="1" ind1="0" tag="100"><subfield code="a">Heinen, Rebekka</subfield></datafield><datafield ind2="1" ind1="0" tag="101"><subfield code="a">Öhlschläger, Peter [Betreuer]</subfield></datafield><datafield ind2="1" ind1="0" tag="331"><subfield code="a">Validierung potentieller Serums-Biomarker zur Entwicklung eines Chip-basierten Mammakarzinom-Früherkennungssystems</subfield></datafield><datafield ind2=" " ind1="0" tag="359"><subfield code="a">in Zusammenarbeit mit: Universitätsklinikum Aachen/Institut für Pathologie ; Arbeitsgruppe Molekulare Onkologie (Univ.-Prof. Dr. rer. nat. Edgar Dahl)</subfield></datafield><datafield ind2=" " ind1="0" tag="425"><subfield code="a">2013</subfield></datafield><datafield ind2="1" ind1="0" tag="519"><subfield code="a">Aachen, FH, Bachelorarbeit, 2014</subfield></datafield></record>