<record format="MarcXchange" type="Bibliographic"><leader>00000     2200000   000 </leader><controlfield tag="001">277280</controlfield><controlfield tag="002">14.09.2010</controlfield><controlfield tag="003">14.09.2010</controlfield><datafield ind2="1" ind1="0" tag="014"><subfield code="a">61 P 10-51B</subfield></datafield><datafield ind2="1" ind1="0" tag="015"><subfield code="a">ger</subfield></datafield><datafield ind2="1" ind1="0" tag="029"><subfield code="a">06</subfield></datafield><datafield ind2="1" ind1="0" tag="100"><subfield code="a">Heinrich, Annica</subfield></datafield><datafield ind2="1" ind1="0" tag="101"><subfield code="a">Scholl, Ingrid [Betreuer]</subfield></datafield><datafield ind2="1" ind1="0" tag="331"><subfield code="a">Design und Implementierung eines Bildverarbeitungssystems zur automatischen Detektion von Leitbändern für die Rohstoffindustrie</subfield></datafield><datafield ind2=" " ind1="0" tag="359"><subfield code="a">in  Zusammenarbeit mit: RWTH Aachen University/Institut für Maschinentechnik der Rohstoffindustrie (M.Sc. Manuel Warcholik)</subfield></datafield><datafield ind2=" " ind1="0" tag="425"><subfield code="a">2010</subfield></datafield><datafield ind2="1" ind1="0" tag="519"><subfield code="a">Aachen, FH, Bachelorarbeit, 2010</subfield></datafield><datafield ind2="1" ind1="0" tag="600"><subfield code="a">unter Verschluss bis 2013</subfield></datafield></record>