<record format="MarcXchange" type="Bibliographic"><leader>00000     2200000   000 </leader><controlfield tag="001">255203</controlfield><controlfield tag="002">29.07.2009</controlfield><controlfield tag="003">07.01.2014</controlfield><datafield ind2="1" ind1="0" tag="014"><subfield code="a">61 C 09-25</subfield></datafield><datafield ind2="1" ind1="0" tag="015"><subfield code="a">ger</subfield></datafield><datafield ind2="1" ind1="0" tag="029"><subfield code="a">06</subfield></datafield><datafield ind2="1" ind1="0" tag="100"><subfield code="a">Heinze, Daniel</subfield></datafield><datafield ind2="1" ind1="0" tag="101"><subfield code="a">Rath, Walter [Betreuer]</subfield></datafield><datafield ind2="1" ind1="0" tag="331"><subfield code="a">Herstellung von Copolyamiden</subfield></datafield><datafield ind2="1" ind1="0" tag="335"><subfield code="a">Einfluss der Struktur auf die Eigenschaften und die Kinetik</subfield></datafield><datafield ind2=" " ind1="0" tag="359"><subfield code="a">in Zusammenarbeit mit: BASF SE /GKE/P Polymer-Prozessentwicklung (Dr. Faissal-Ali El-Toufaili)</subfield></datafield><datafield ind2=" " ind1="0" tag="425"><subfield code="a">2009</subfield></datafield><datafield ind2="1" ind1="0" tag="519"><subfield code="a">Aachen, FH, Diplomarbeit, 2009</subfield></datafield><datafield ind2="1" ind1="0" tag="600"><subfield code="a">für immer unter Verschluss</subfield></datafield></record>