<record format="MarcXchange" type="Bibliographic"><leader>00000     2200000   000 </leader><controlfield tag="001">167706</controlfield><controlfield tag="002">22.12.1998</controlfield><controlfield tag="003">29.06.2006</controlfield><datafield ind2="1" ind1="0" tag="014"><subfield code="a">61 BMT 98/99-19</subfield></datafield><datafield ind2="1" ind1="0" tag="015"><subfield code="a">ger</subfield></datafield><datafield ind2="1" ind1="0" tag="029"><subfield code="a">06</subfield></datafield><datafield ind2="1" ind1="0" tag="100"><subfield code="a">Henze, Karsten</subfield></datafield><datafield ind2="1" ind1="0" tag="101"><subfield code="a">Weber, Hans-Joachim [Betreuer]</subfield></datafield><datafield ind2="1" ind1="0" tag="331"><subfield code="a">Inbetriebnahme und Erprobung eines computerunterstützten Teststandes zur Leistungsbestimmung des Gastransfers und des Druckabfalls am Oxygenator</subfield></datafield><datafield ind2=" " ind1="0" tag="425"><subfield code="a">1999</subfield></datafield><datafield ind2="1" ind1="0" tag="519"><subfield code="a">Aachen, Fachhochschule, Diplomarbeit, 1999</subfield></datafield></record>