<record format="MarcXchange" type="Bibliographic"><leader>00000     2200000   000 </leader><controlfield tag="001">399130</controlfield><controlfield tag="002">13.11.2012</controlfield><datafield ind2="1" ind1="0" tag="014"><subfield code="a">61 EU 12-15B</subfield></datafield><datafield ind2="1" ind1="0" tag="015"><subfield code="a">ger</subfield></datafield><datafield ind2="1" ind1="0" tag="029"><subfield code="a">06</subfield></datafield><datafield ind2="1" ind1="0" tag="100"><subfield code="a">Herbergs, Andreas</subfield></datafield><datafield ind2="1" ind1="0" tag="101"><subfield code="a">Wählisch, Georg [Betreuer]</subfield></datafield><datafield ind2="1" ind1="0" tag="331"><subfield code="a">Entwicklung von Wärmeübertrager-Konzepten für membranbasierte Oxyfuel-Verfahren</subfield></datafield><datafield ind2=" " ind1="0" tag="359"><subfield code="a">in Zusammenarbeit mit: Forschungszentrum Jülich/Institut für Energie- und Klimaforschung, IEK-3 ; Elektrochemische Verfahrenstechnik (Dip-Ing. Jewgeni Nazarko)</subfield></datafield><datafield ind2=" " ind1="0" tag="425"><subfield code="a">2012</subfield></datafield><datafield ind2="1" ind1="0" tag="519"><subfield code="a">Aachen, FH, Bachelorarbeit, 2012</subfield></datafield></record>