<record format="MarcXchange" type="Bibliographic"><leader>00000     2200000   000 </leader><controlfield tag="001">450486</controlfield><controlfield tag="002">11.10.2013</controlfield><controlfield tag="003">11.10.2013</controlfield><datafield ind2="1" ind1="0" tag="014"><subfield code="a">61 P 13-29B</subfield></datafield><datafield ind2="1" ind1="0" tag="015"><subfield code="a">ger</subfield></datafield><datafield ind2="1" ind1="0" tag="029"><subfield code="a">06</subfield></datafield><datafield ind2="1" ind1="0" tag="100"><subfield code="a">Hergesell, Jan</subfield></datafield><datafield ind2="1" ind1="0" tag="101"><subfield code="a"> Kraft, Bodo [Betreuer]</subfield></datafield><datafield ind2="1" ind1="0" tag="331"><subfield code="a">Erstellung und Bearbeitung von Excel-Stücklisten mittels VBA und SQL</subfield></datafield><datafield ind2=" " ind1="0" tag="359"><subfield code="a">in Zusammenarbeit mit: Forschungszentrum Jülich GmbH/Zentralinstitut für Engineering, Elektronik und Analytik (ZEA) Engineering und Technologie (ZEA-1) ; Fachgruppe: Konstruktion, Simulation und Auslegung (Dipl.-Ing. Dirk Grunwald)</subfield></datafield><datafield ind2=" " ind1="0" tag="425"><subfield code="a">2013</subfield></datafield><datafield ind2="1" ind1="0" tag="519"><subfield code="a">Aachen, FH, Bachelorarbeit, 2013</subfield></datafield></record>