<record format="MarcXchange" type="Bibliographic"><leader>00000     2200000   000 </leader><controlfield tag="001">467306</controlfield><controlfield tag="002">03.12.2013</controlfield><datafield ind2="1" ind1="0" tag="014"><subfield code="a">61 C 13/14-08M</subfield></datafield><datafield ind2="1" ind1="0" tag="015"><subfield code="a">eng</subfield></datafield><datafield ind2="1" ind1="0" tag="029"><subfield code="a">06</subfield></datafield><datafield ind2="1" ind1="0" tag="100"><subfield code="a">Hermann, Alina</subfield></datafield><datafield ind2="1" ind1="0" tag="101"><subfield code="a">Öhlschläger, Peter [Betreuer]</subfield></datafield><datafield ind2="1" ind1="0" tag="331"><subfield code="a">Development of a Cre/IoxP based reporter system to monitor the uptake of exosomes by cells</subfield></datafield><datafield ind2=" " ind1="0" tag="359"><subfield code="a">in Zusammenarbeit mit: Uniklinik Köln/Innate Immunity Group (Prof. Dr. rer. nat. Elke Pogge von Strandmann)</subfield></datafield><datafield ind2=" " ind1="0" tag="425"><subfield code="a">2013</subfield></datafield><datafield ind2="1" ind1="0" tag="519"><subfield code="a">Aachen, FH, Masterarbeit, 2013</subfield></datafield></record>