<record format="MarcXchange" type="Bibliographic"><leader>00000     2200000   000 </leader><controlfield tag="001">299688</controlfield><controlfield tag="002">14.11.2011</controlfield><controlfield tag="003">14.11.2011</controlfield><datafield ind2="1" ind1="0" tag="014"><subfield code="a">61 P 11-93B</subfield></datafield><datafield ind2="1" ind1="0" tag="015"><subfield code="a">ger</subfield></datafield><datafield ind2="1" ind1="0" tag="029"><subfield code="a">06</subfield></datafield><datafield ind2="1" ind1="0" tag="100"><subfield code="a">Hermes, Martin</subfield></datafield><datafield ind2="1" ind1="0" tag="101"><subfield code="a">Sander, Volker [Betreuer]</subfield></datafield><datafield ind2="1" ind1="0" tag="331"><subfield code="a">Automatisierte, standortübergreifende Überwachung der Massenspeicherbelegung durch Nutzer an den deutschen Standorten des Worldwide LHC Computing Grid</subfield></datafield><datafield ind2=" " ind1="0" tag="359"><subfield code="a">in Zusammenarbeit mit: RWTH Aachen/III. Physikalisches Institut B (Dr. rer. nat. Andreas Mowack)</subfield></datafield><datafield ind2=" " ind1="0" tag="425"><subfield code="a">2011</subfield></datafield><datafield ind2="1" ind1="0" tag="519"><subfield code="a">Aachen, FH, Bachelorarbeit, 2011</subfield></datafield></record>