<record format="MarcXchange" type="Bibliographic"><leader>00000     2200000   000 </leader><controlfield tag="001">486462</controlfield><controlfield tag="002">01.04.2014</controlfield><datafield ind2="1" ind1="0" tag="014"><subfield code="a">61 EU 13/14-40M</subfield></datafield><datafield ind2="1" ind1="0" tag="015"><subfield code="a">eng</subfield></datafield><datafield ind2="1" ind1="0" tag="029"><subfield code="a">06</subfield></datafield><datafield ind2="1" ind1="0" tag="100"><subfield code="a">Hernandez Lalinde, Jose</subfield></datafield><datafield ind2="1" ind1="0" tag="101"><subfield code="a">Quadakkers, Willem [Betreuer]</subfield></datafield><datafield ind2="1" ind1="0" tag="331"><subfield code="a">Behaviour of aluminized slurry MCrAIy coatings on Nickel base superalloys</subfield></datafield><datafield ind2=" " ind1="0" tag="359"><subfield code="a">in Zusammenarbeit mit: Forschungszentrum Jülich GmbH/Institute of Energy and Climate Research (IEK-2) (Dr. Dmitry Naumenko)</subfield></datafield><datafield ind2=" " ind1="0" tag="425"><subfield code="a">2014</subfield></datafield><datafield ind2="1" ind1="0" tag="519"><subfield code="a">Aachen, FH, Masterarbeit, 2014</subfield></datafield></record>