<record format="MarcXchange" type="Bibliographic"><leader>00000     2200000   000 </leader><controlfield tag="001">288207</controlfield><controlfield tag="002">19.04.2011</controlfield><controlfield tag="003">28.04.2011</controlfield><datafield ind2="1" ind1="0" tag="014"><subfield code="a">61 EU 10/11-30</subfield></datafield><datafield ind2="1" ind1="0" tag="015"><subfield code="a">ger</subfield></datafield><datafield ind2="1" ind1="0" tag="029"><subfield code="a">06</subfield></datafield><datafield ind2="1" ind1="0" tag="100"><subfield code="a">Hick, Michael</subfield></datafield><datafield ind2="1" ind1="0" tag="101"><subfield code="a">Schwarzer, Clemens [Betreuer]</subfield></datafield><datafield ind2="1" ind1="0" tag="331"><subfield code="a">Durchführung und Bewertung eines neuartigen Verfahrens zur Bestimmung der thermischen Leistungsfähigkeit von Parabolrinnenkollektoren</subfield></datafield><datafield ind2=" " ind1="0" tag="425"><subfield code="a">2010</subfield></datafield><datafield ind2="1" ind1="0" tag="519"><subfield code="a">Aachen, FH, Diplomarbeit, 2011</subfield></datafield><datafield ind2="1" ind1="0" tag="600"><subfield code="a">unter Verschluss bis 2014</subfield></datafield></record>