<record format="MarcXchange" type="Bibliographic"><leader>00000     2200000   000 </leader><controlfield tag="001">263990</controlfield><controlfield tag="002">26.03.2010</controlfield><controlfield tag="003">26.03.2010</controlfield><datafield ind2="1" ind1="0" tag="014"><subfield code="a">61 P 09/10-64M</subfield></datafield><datafield ind2="1" ind1="0" tag="015"><subfield code="a">ger</subfield></datafield><datafield ind2="1" ind1="0" tag="029"><subfield code="a">06</subfield></datafield><datafield ind2="1" ind1="0" tag="100"><subfield code="a">Hirsch, Felix</subfield></datafield><datafield ind2="1" ind1="0" tag="101"><subfield code="a">Dikta, Gerhard [Betreuer]</subfield></datafield><datafield ind2="1" ind1="0" tag="331"><subfield code="a">Zur fast sicheren Konvergenz der Cumulative Incidence Function unter Zensierung</subfield></datafield><datafield ind2=" " ind1="0" tag="425"><subfield code="a">2010</subfield></datafield><datafield ind2="1" ind1="0" tag="519"><subfield code="a">Aachen, FH, Masterarbeit, 2010</subfield></datafield></record>