<record format="MarcXchange" type="Bibliographic"><leader>00000     2200000   000 </leader><controlfield tag="001">121616</controlfield><controlfield tag="002">12.04.1994</controlfield><controlfield tag="003">06.07.2009</controlfield><datafield ind2="1" ind1="9" tag="904"><subfield code="a">145238</subfield></datafield><datafield ind2="1" ind1="9" tag="905"><subfield code="a">94/0001042</subfield></datafield><datafield ind2="2" ind1="9" tag="905"><subfield code="a">94/0001043</subfield></datafield><datafield ind2="1" ind1="9" tag="909"><subfield code="a">HBZ</subfield></datafield><datafield ind2="1" ind1="0" tag="010"><subfield code="a">HT003510827</subfield></datafield><datafield ind2="1" ind1="0" tag="011"><subfield code="a">LL003165583</subfield></datafield><datafield ind2="2" ind1="0" tag="011"><subfield code="a">FAC50000034957-000020</subfield></datafield><datafield ind2="1" ind1="0" tag="014"><subfield code="a">61 XRW 83-5</subfield></datafield><datafield ind2=" " ind1="0" tag="027"><subfield code="a">V</subfield></datafield><datafield ind2=" " ind1="0" tag="036"><subfield code="a">s</subfield></datafield><datafield ind2="1" ind1="0" tag="100"><subfield code="a">Holling, George H.</subfield></datafield><datafield ind2="1" ind1="0" tag="331"><subfield code="a">Abschätzung von Bahnfehlern in Robotersystemen</subfield></datafield><datafield ind2=" " ind1="0" tag="359"><subfield code="a">George H. Holling</subfield></datafield><datafield ind2="1" ind1="0" tag="410"><subfield code="a">Braunschweig</subfield></datafield><datafield ind2="1" ind1="0" tag="412"><subfield code="a">Vieweg</subfield></datafield><datafield ind2=" " ind1="0" tag="425"><subfield code="a">1990</subfield></datafield><datafield ind2="1" ind1="0" tag="433"><subfield code="a">VIII, 148 S. : graph. Darst.</subfield></datafield><datafield ind2="1" ind1="0" tag="451"><subfield code="a">Fortschritte der Robotik ; 5</subfield></datafield><datafield ind2="1" ind1="0" tag="453"><subfield code="a">HT003326031</subfield></datafield><datafield ind2="1" ind1="0" tag="455"><subfield code="a">5</subfield></datafield><datafield ind2="1" ind1="0" tag="519"><subfield code="a">Zugl.: Aachen, Techn. Hochsch., Diss., 1989</subfield></datafield><datafield ind2="1" ind1="0" tag="540"><subfield code="a">3-528-06359-9</subfield></datafield><datafield ind2="1" ind1="0" tag="542"><subfield code="a">ca. DM 44.00</subfield></datafield><datafield ind2="1" ind1="0" tag="606"><subfield code="a">Bd</subfield></datafield><datafield ind2="1" ind1="0" tag="700"><subfield code="a">XRW</subfield></datafield><datafield ind2=" " ind1="0" tag="800"><subfield code="a">a</subfield></datafield><datafield ind2="1" ind1="0" tag="902"><subfield code="a">Industrieroboter</subfield></datafield><datafield ind2="2" ind1="0" tag="902"><subfield code="a">Bahnsteuerung</subfield></datafield><datafield ind2="3" ind1="0" tag="902"><subfield code="a">Fehlerabschätzung</subfield></datafield><datafield ind2="1" ind1="0" tag="903"><subfield code="a">213;321</subfield></datafield><datafield ind2="1" ind1="1" tag="024"><subfield code="a">a|a|||||||||||</subfield></datafield><datafield ind2="2" ind1="1" tag="024"><subfield code="a">a|a||||||||</subfield></datafield><datafield ind2="3" ind1="1" tag="024"><subfield code="a">a|a||||||||</subfield></datafield><datafield ind2="1" ind1="1" tag="672"><subfield code="a">Aachen</subfield></datafield></record>