<record format="MarcXchange" type="Bibliographic"><leader>00000     2200000   000 </leader><controlfield tag="001">289289</controlfield><controlfield tag="002">09.05.2011</controlfield><controlfield tag="003">09.05.2011</controlfield><datafield ind2="1" ind1="0" tag="014"><subfield code="a">61 C 10/11-37B</subfield></datafield><datafield ind2="1" ind1="0" tag="015"><subfield code="a">ger</subfield></datafield><datafield ind2="1" ind1="0" tag="029"><subfield code="a">06</subfield></datafield><datafield ind2="1" ind1="0" tag="100"><subfield code="a">Holm, Helena</subfield></datafield><datafield ind2="1" ind1="0" tag="101"><subfield code="a">Dieckhoff, Josef [Betreuer]</subfield></datafield><datafield ind2="1" ind1="0" tag="331"><subfield code="a">Tropomyosin-Rezeptor-Kinase</subfield></datafield><datafield ind2="1" ind1="0" tag="335"><subfield code="a">bioanalytische Untersuchungen und Kristallisation im Komplex mit NGF und ATPyS</subfield></datafield><datafield ind2=" " ind1="0" tag="359"><subfield code="a">in Zusammenarbeit mit: Forschungszentrum Jülich/Institute of Complex Systems (ICS-5: Molecular Biophysics) (Dr. Oliver H. Weiergräber)</subfield></datafield><datafield ind2=" " ind1="0" tag="425"><subfield code="a">2011</subfield></datafield><datafield ind2="1" ind1="0" tag="519"><subfield code="a">Aachen, FH, Bachelorarbeit, 2011</subfield></datafield><datafield ind2="1" ind1="0" tag="600"><subfield code="a">unter Verschluss bis 2014</subfield></datafield></record>