<record format="MarcXchange" type="Bibliographic"><leader>00000     2200000   000 </leader><controlfield tag="001">460427</controlfield><controlfield tag="002">30.10.2013</controlfield><controlfield tag="003">30.10.2013</controlfield><datafield ind2="1" ind1="0" tag="014"><subfield code="a">61 P 13-48B</subfield></datafield><datafield ind2="1" ind1="0" tag="015"><subfield code="a">ger</subfield></datafield><datafield ind2="1" ind1="0" tag="029"><subfield code="a">06</subfield></datafield><datafield ind2="1" ind1="0" tag="100"><subfield code="a">Hoppermann, Philipp</subfield></datafield><datafield ind2="1" ind1="0" tag="101"><subfield code="a">Pflug, Hans-Joachim [Betreuer]</subfield></datafield><datafield ind2="1" ind1="0" tag="331"><subfield code="a">Implementierung der künstlichen Intelligenz im Eurofighter-Flugsimulator mit der Skriptsprache Lua</subfield></datafield><datafield ind2="1" ind1="0" tag="335"><subfield code="a">Studie zur Machbarkeit und Analyse des Laufzeitverhaltens</subfield></datafield><datafield ind2=" " ind1="0" tag="359"><subfield code="a">in Zusammenarbeit mit: CAE Elektronik GmbH (Dipl.-Ing. (FH) Jochen Gerhards</subfield></datafield><datafield ind2=" " ind1="0" tag="425"><subfield code="a">2013</subfield></datafield><datafield ind2="1" ind1="0" tag="519"><subfield code="a">Aachen, FH, Bachelorarbeit, 2013</subfield></datafield><datafield ind2="1" ind1="0" tag="600"><subfield code="a">für immer unter Verschluss</subfield></datafield></record>