<record format="MarcXchange" type="Bibliographic"><leader>00000     2200000   000 </leader><controlfield tag="001">414525</controlfield><controlfield tag="002">07.03.2013</controlfield><controlfield tag="003">07.03.2013</controlfield><datafield ind2="1" ind1="0" tag="014"><subfield code="a">61 EU 12/13-28B</subfield></datafield><datafield ind2="1" ind1="0" tag="015"><subfield code="a">ger</subfield></datafield><datafield ind2="1" ind1="0" tag="029"><subfield code="a">06</subfield></datafield><datafield ind2="1" ind1="0" tag="100"><subfield code="a">Hoven, Carsten</subfield></datafield><datafield ind2="1" ind1="0" tag="101"><subfield code="a">Dören, Horst-Peter [Betreuer]</subfield></datafield><datafield ind2="1" ind1="0" tag="331"><subfield code="a">Laser-Rapid-Prototyping</subfield></datafield><datafield ind2="1" ind1="0" tag="335"><subfield code="a">Einfluss ausgewählter Prozessparameter auf Gefüge und Festigkeit von Bauteilen aus X 2 CrNiMo 17-13-2</subfield></datafield><datafield ind2=" " ind1="0" tag="359"><subfield code="a">in Zusammenarbeit mit: Forschungszentrum Jülich/Zentralinstitut für Technologie (ZAT) (Dr.-Ing. Wilfried Behr)</subfield></datafield><datafield ind2=" " ind1="0" tag="425"><subfield code="a">2012</subfield></datafield><datafield ind2="1" ind1="0" tag="519"><subfield code="a">Aachen, Bachelorargbeit, 2013</subfield></datafield></record>