<record format="MarcXchange" type="Bibliographic"><leader>00000     2200000   000 </leader><controlfield tag="001">491662</controlfield><controlfield tag="002">07.05.2014</controlfield><datafield ind2="1" ind1="0" tag="014"><subfield code="a">61 EU 13/14-69B</subfield></datafield><datafield ind2="1" ind1="0" tag="015"><subfield code="a">eng</subfield></datafield><datafield ind2="1" ind1="0" tag="029"><subfield code="a">06</subfield></datafield><datafield ind2="1" ind1="0" tag="100"><subfield code="a">Hu, Xiaona</subfield></datafield><datafield ind2="1" ind1="0" tag="101"><subfield code="a">Breitbach, Gerd [Betreuer]</subfield></datafield><datafield ind2="1" ind1="0" tag="331"><subfield code="a">Design of a Wind and Rain protection for a small compact cooling plant</subfield></datafield><datafield ind2=" " ind1="0" tag="425"><subfield code="a">2014</subfield></datafield><datafield ind2="1" ind1="0" tag="519"><subfield code="a">Aachen, FH, Bachelorarbeit, 2014</subfield></datafield></record>