<record format="MarcXchange" type="Bibliographic"><leader>00000     2200000   000 </leader><controlfield tag="001">407416</controlfield><controlfield tag="002">14.01.2013</controlfield><datafield ind2="1" ind1="0" tag="014"><subfield code="a">61 EU 12-55B</subfield></datafield><datafield ind2="1" ind1="0" tag="015"><subfield code="a">eng</subfield></datafield><datafield ind2="1" ind1="0" tag="029"><subfield code="a">06</subfield></datafield><datafield ind2="1" ind1="0" tag="100"><subfield code="a">Inanloo, Mohammad</subfield></datafield><datafield ind2="1" ind1="0" tag="101"><subfield code="a">Hoffschmidt, Bernhard [Betreuer]</subfield></datafield><datafield ind2="1" ind1="0" tag="331"><subfield code="a">Simple Simulation of Double-Effect Lithium-Bromide/Water Absorption Chiller</subfield></datafield><datafield ind2=" " ind1="0" tag="425"><subfield code="a">2012</subfield></datafield><datafield ind2="1" ind1="0" tag="519"><subfield code="a">Aachen, FH, Bachelorarbeit, 2013</subfield></datafield><datafield ind2="1" ind1="0" tag="600"><subfield code="a">unter Verschluss bis 2016</subfield></datafield></record>