<record format="MarcXchange" type="Bibliographic"><leader>00000     2200000   000 </leader><controlfield tag="001">248370</controlfield><controlfield tag="002">17.02.2009</controlfield><controlfield tag="003">17.02.2009</controlfield><datafield ind2="1" ind1="0" tag="014"><subfield code="a">61 EU 08/09-01B</subfield></datafield><datafield ind2="1" ind1="0" tag="015"><subfield code="a">eng</subfield></datafield><datafield ind2="1" ind1="0" tag="029"><subfield code="a">06</subfield></datafield><datafield ind2="1" ind1="0" tag="100"><subfield code="a">Izadpanah, Arvin</subfield></datafield><datafield ind2="1" ind1="0" tag="101"><subfield code="a">Müller, Burghard [Betreuer]</subfield></datafield><datafield ind2="1" ind1="0" tag="331"><subfield code="a">Comparison of Fixed Spherical Solar Collectors (Solar Bowl) &amp; Parabolic-Trough Solar Collectors for a Solar Kitchen</subfield></datafield><datafield ind2=" " ind1="0" tag="425"><subfield code="a">2008</subfield></datafield><datafield ind2="1" ind1="0" tag="519"><subfield code="a">Aachen, FH, Bachelorarbeit, 2008</subfield></datafield></record>