<record format="MarcXchange" type="Bibliographic"><leader>00000     2200000   000 </leader><controlfield tag="001">381449</controlfield><controlfield tag="002">17.07.2012</controlfield><datafield ind2="1" ind1="0" tag="014"><subfield code="a">61 EU 12-04M</subfield></datafield><datafield ind2="1" ind1="0" tag="015"><subfield code="a">ger</subfield></datafield><datafield ind2="1" ind1="0" tag="029"><subfield code="a">06</subfield></datafield><datafield ind2="1" ind1="0" tag="100"><subfield code="a">Jacobs, Michael</subfield></datafield><datafield ind2="1" ind1="0" tag="101"><subfield code="a">Kuperjans, Isabel [Betreuer]</subfield></datafield><datafield ind2="1" ind1="0" tag="331"><subfield code="a">Optimierung eines stationären Gas-Otto-Motors</subfield></datafield><datafield ind2=" " ind1="0" tag="425"><subfield code="a">2012</subfield></datafield><datafield ind2="1" ind1="0" tag="519"><subfield code="a">Aachen, FH, Masterarbeit, 2012</subfield></datafield></record>