<record format="MarcXchange" type="Bibliographic"><leader>00000     2200000   000 </leader><controlfield tag="001">287952</controlfield><controlfield tag="002">14.04.2011</controlfield><controlfield tag="003">27.06.2013</controlfield><datafield ind2="1" ind1="0" tag="014"><subfield code="a">61 BMT 10-156B</subfield></datafield><datafield ind2="1" ind1="0" tag="015"><subfield code="a">ger</subfield></datafield><datafield ind2="1" ind1="0" tag="029"><subfield code="a">06</subfield></datafield><datafield ind2="1" ind1="0" tag="100"><subfield code="a">Janke, Peter</subfield></datafield><datafield ind2="1" ind1="0" tag="101"><subfield code="a">Artmann, Gerhard [Betreuer]</subfield></datafield><datafield ind2="1" ind1="0" tag="331"><subfield code="a">HPBioforce</subfield></datafield><datafield ind2="1" ind1="0" tag="335"><subfield code="a">Weiterentwicklung der Komponenten und Arbeitsschritte als Grundlage der Etablierung eines kommerziell nutzbaren Systems</subfield></datafield><datafield ind2=" " ind1="0" tag="425"><subfield code="a">2010</subfield></datafield><datafield ind2="1" ind1="0" tag="519"><subfield code="a">Aachen, FH, Bachelorarbeit, 2010</subfield></datafield><datafield ind2="1" ind1="0" tag="600"><subfield code="a">unter Verschluss bis 2016</subfield></datafield></record>