<record format="MarcXchange" type="Bibliographic"><leader>00000     2200000   000 </leader><controlfield tag="001">433606</controlfield><controlfield tag="002">27.06.2013</controlfield><datafield ind2="1" ind1="0" tag="014"><subfield code="a">61 BMT 12/13-76M</subfield></datafield><datafield ind2="1" ind1="0" tag="015"><subfield code="a">eng</subfield></datafield><datafield ind2="1" ind1="0" tag="029"><subfield code="a">06</subfield></datafield><datafield ind2="1" ind1="0" tag="100"><subfield code="a">Janke, Peter</subfield></datafield><datafield ind2="1" ind1="0" tag="101"><subfield code="a">Artmann, Aysegül [Betreuer]</subfield></datafield><datafield ind2="1" ind1="0" tag="331"><subfield code="a">Investigation of the Attachment Rate of Primary Porcine Smooth Muscle Cells (SMCs) on Tubular collagen Scaffolds for the UREPLACE Bioreactor</subfield></datafield><datafield ind2=" " ind1="0" tag="425"><subfield code="a">2013</subfield></datafield><datafield ind2="1" ind1="0" tag="519"><subfield code="a">Aachen, FH, Masterarbeit, 2013</subfield></datafield></record>