<record format="MarcXchange" type="Bibliographic"><leader>00000     2200000   000 </leader><controlfield tag="001">401821</controlfield><controlfield tag="002">12.12.2012</controlfield><datafield ind2="1" ind1="0" tag="014"><subfield code="a">61 EU 12-28B</subfield></datafield><datafield ind2="1" ind1="0" tag="015"><subfield code="a">ger</subfield></datafield><datafield ind2="1" ind1="0" tag="029"><subfield code="a">06</subfield></datafield><datafield ind2="1" ind1="0" tag="100"><subfield code="a">Janoschka, Patrick</subfield></datafield><datafield ind2="1" ind1="0" tag="101"><subfield code="a">Förster, Arnold  [Betreuer]</subfield></datafield><datafield ind2="1" ind1="0" tag="331"><subfield code="a">Charakterisierung von High-k Materialien</subfield></datafield><datafield ind2=" " ind1="0" tag="359"><subfield code="a">in Zusammenareit mit: Forschungszentrum Jülich/Institut für Halbleiternanoelektronik (PGI-9 IT) (Prof. Dr. Siegfried Mantl)</subfield></datafield><datafield ind2=" " ind1="0" tag="425"><subfield code="a">2012</subfield></datafield><datafield ind2="1" ind1="0" tag="519"><subfield code="a">Aachen, FH, Bachelorarbeit, 2012</subfield></datafield></record>