<record format="MarcXchange" type="Bibliographic"><leader>00000     2200000   000 </leader><controlfield tag="001">450475</controlfield><controlfield tag="002">11.10.2013</controlfield><controlfield tag="003">11.10.2013</controlfield><datafield ind2="1" ind1="0" tag="014"><subfield code="a">61 C 13-17B</subfield></datafield><datafield ind2="1" ind1="0" tag="015"><subfield code="a">ger</subfield></datafield><datafield ind2="1" ind1="0" tag="029"><subfield code="a">06</subfield></datafield><datafield ind2="1" ind1="0" tag="100"><subfield code="a">Jansen, Sascha</subfield></datafield><datafield ind2="1" ind1="0" tag="101"><subfield code="a">Dieckhoff, Josef [Betreuer]</subfield></datafield><datafield ind2="1" ind1="0" tag="331"><subfield code="a">Erweiterung der Toolbox Thiamindiphosphat-abhängiger Enzyme für die Synthese enantiokomplementärer a-Hydroxyketone</subfield></datafield><datafield ind2="1" ind1="0" tag="335"><subfield code="a">Charakterisierung von MenD aus Bacillus subtilis</subfield></datafield><datafield ind2=" " ind1="0" tag="359"><subfield code="a">in Zusammenarbeit mit: Forschungszentrum Jülich (Prof. Dr. Martina Pohl)</subfield></datafield><datafield ind2=" " ind1="0" tag="425"><subfield code="a">2013</subfield></datafield><datafield ind2="1" ind1="0" tag="519"><subfield code="a">Aachen, FH, Bachelorarbeit, 2013</subfield></datafield></record>