<record format="MarcXchange" type="Bibliographic"><leader>00000     2200000   000 </leader><controlfield tag="001">263332</controlfield><controlfield tag="002">10.03.2010</controlfield><controlfield tag="003">10.03.2010</controlfield><datafield ind2="1" ind1="0" tag="014"><subfield code="a">61 ET 09/10-02B</subfield></datafield><datafield ind2="1" ind1="0" tag="015"><subfield code="a">ger</subfield></datafield><datafield ind2="1" ind1="0" tag="029"><subfield code="a">06</subfield></datafield><datafield ind2="1" ind1="0" tag="100"><subfield code="a">Javied, Tallal</subfield></datafield><datafield ind2="1" ind1="0" tag="101"><subfield code="a">Ackermann, Hans-Josef [Beteuer]</subfield></datafield><datafield ind2="1" ind1="0" tag="331"><subfield code="a">Moldellierung und Optimierung eines Infrarot Vision Bildbearbeitung Rejectsystems bei High-Speed Diaper Converter Anlagen</subfield></datafield><datafield ind2=" " ind1="0" tag="359"><subfield code="a">in Zusammenarbeit mit: Procter and Gamble, Euskirchen (Dipl.-Ing. Alp Aslan)</subfield></datafield><datafield ind2=" " ind1="0" tag="425"><subfield code="a">2010</subfield></datafield><datafield ind2="1" ind1="0" tag="519"><subfield code="a">Aachen, FH, Bachelorarbeit, 2010</subfield></datafield><datafield ind2="1" ind1="0" tag="600"><subfield code="a">für immer unter Verschluss</subfield></datafield></record>