<record format="MarcXchange" type="Bibliographic"><leader>00000     2200000   000 </leader><controlfield tag="001">290581</controlfield><controlfield tag="002">16.05.2011</controlfield><controlfield tag="003">16.05.2011</controlfield><datafield ind2="1" ind1="0" tag="014"><subfield code="a">61 C 10/11-43B</subfield></datafield><datafield ind2="1" ind1="0" tag="015"><subfield code="a">ger</subfield></datafield><datafield ind2="1" ind1="0" tag="029"><subfield code="a">06</subfield></datafield><datafield ind2="1" ind1="0" tag="100"><subfield code="a">Jazayeri, Aniss</subfield></datafield><datafield ind2="1" ind1="0" tag="101"><subfield code="a">Biselli, Manfred [Betreuer]</subfield></datafield><datafield ind2="1" ind1="0" tag="331"><subfield code="a">Etablierung und Validierung eines Batch-Prozesses für die Rekultivierung und Kryokonservierung differenzierter humaner pluripotenter Stammzell-abgeleiteter neuroepithelialer Stammzellen in 96- Well Zellkulturplatten</subfield></datafield><datafield ind2="1" ind1="0" tag="341"><subfield code="a">Establishment and validation of a batch-process for the re-cultivation and cryopreservation of differentiated human pluripotent stem cell-derived neuroepithelial stem cells in 96-well plates</subfield></datafield><datafield ind2=" " ind1="0" tag="359"><subfield code="a">in Zusammenarbeit mit: Life &amp; Brain GmbH Biomedizinische und Neurowissenschaftliche Technologie-Plattform, Cellomics (Dipl.-Biologin Simone Haupt)</subfield></datafield><datafield ind2=" " ind1="0" tag="425"><subfield code="a">2010</subfield></datafield><datafield ind2="1" ind1="0" tag="519"><subfield code="a">Aachen, FH, Bachelorarbeit, 2011</subfield></datafield></record>