<record format="MarcXchange" type="Bibliographic"><leader>00000     2200000   000 </leader><controlfield tag="001">283033</controlfield><controlfield tag="002">16.02.2011</controlfield><datafield ind2="1" ind1="0" tag="014"><subfield code="a">61 C 10/11-20M</subfield></datafield><datafield ind2="1" ind1="0" tag="015"><subfield code="a">ger</subfield></datafield><datafield ind2="1" ind1="0" tag="029"><subfield code="a">06</subfield></datafield><datafield ind2="1" ind1="0" tag="100"><subfield code="a">John, Markus</subfield></datafield><datafield ind2="1" ind1="0" tag="101"><subfield code="a">Möginger, Bernhard [Betreuer]</subfield></datafield><datafield ind2="1" ind1="0" tag="331"><subfield code="a">Methoden zur effektiven Bearbeitung von Funktionsgrafiken in der Kunststoff-Werkstofftechnik</subfield></datafield><datafield ind2=" " ind1="0" tag="359"><subfield code="a">in Zusammenarbeit mit: Fa. M-Base Engineering + Software GmbH, Aachen(Dr.-Ing. Erwin Baur)</subfield></datafield><datafield ind2=" " ind1="0" tag="425"><subfield code="a">2011</subfield></datafield><datafield ind2="1" ind1="0" tag="519"><subfield code="a">Aachen, FH, Masterarbeit, 2011</subfield></datafield></record>