<record format="MarcXchange" type="Bibliographic"><leader>00000     2200000   000 </leader><controlfield tag="001">434236</controlfield><controlfield tag="002">02.07.2013</controlfield><datafield ind2="1" ind1="0" tag="014"><subfield code="a">61 C 12/13-63B</subfield></datafield><datafield ind2="1" ind1="0" tag="015"><subfield code="a">ger</subfield></datafield><datafield ind2="1" ind1="0" tag="029"><subfield code="a">06</subfield></datafield><datafield ind2="1" ind1="0" tag="100"><subfield code="a">Jordan, Sebastian</subfield></datafield><datafield ind2="1" ind1="0" tag="101"><subfield code="a">Selmer, Thorsten [Betreuer]</subfield></datafield><datafield ind2="1" ind1="0" tag="331"><subfield code="a">Genomische und physiologische Analysen von Kandidatengenus OP3 Zellen aus methanogenen Anreicherungen</subfield></datafield><datafield ind2=" " ind1="0" tag="359"><subfield code="a">in Zusammenarbeit mit: Max-Planck-Institut für Marine Mikrobiologie, Bremen (Prof. Dr. Harder)</subfield></datafield><datafield ind2=" " ind1="0" tag="425"><subfield code="a">2013</subfield></datafield><datafield ind2="1" ind1="0" tag="519"><subfield code="a">Aachen, FH, Bachelorarbeit, 2013</subfield></datafield></record>