<record format="MarcXchange" type="Bibliographic"><leader>00000     2200000   000 </leader><controlfield tag="001">486625</controlfield><controlfield tag="002">03.04.2014</controlfield><controlfield tag="003">03.04.2014</controlfield><datafield ind2="1" ind1="0" tag="014"><subfield code="a">61 P 13/14-74M</subfield></datafield><datafield ind2="1" ind1="0" tag="015"><subfield code="a">eng</subfield></datafield><datafield ind2="1" ind1="0" tag="029"><subfield code="a">06</subfield></datafield><datafield ind2="1" ind1="0" tag="100"><subfield code="a">Jörgens, Daniel</subfield></datafield><datafield ind2="1" ind1="0" tag="101"><subfield code="a">Reißel, Martin [Betreuer]</subfield></datafield><datafield ind2="1" ind1="0" tag="331"><subfield code="a">GPU-based implementation of a three-dimensional discrete wavelet transform using OpenCL</subfield></datafield><datafield ind2=" " ind1="0" tag="359"><subfield code="a">in Zusammenarbeit mit: Forschungszentrum Jülich GmbH/Institut für Neurowissenschaften (Kaveh Vahedipour)</subfield></datafield><datafield ind2=" " ind1="0" tag="425"><subfield code="a">2014</subfield></datafield><datafield ind2="1" ind1="0" tag="519"><subfield code="a">Aachen, FH, Masterarbeit, 2014</subfield></datafield></record>