<record format="MarcXchange" type="Bibliographic"><leader>00000     2200000   000 </leader><controlfield tag="001">413721</controlfield><controlfield tag="002">25.02.2013</controlfield><controlfield tag="003">25.02.2013</controlfield><datafield ind2="1" ind1="0" tag="014"><subfield code="a">61 C 12/13-22B</subfield></datafield><datafield ind2="1" ind1="0" tag="015"><subfield code="a">ger</subfield></datafield><datafield ind2="1" ind1="0" tag="029"><subfield code="a">06</subfield></datafield><datafield ind2="1" ind1="0" tag="100"><subfield code="a">Jungk, Felicitas</subfield></datafield><datafield ind2="1" ind1="0" tag="101"><subfield code="a">Dieckhoff, Josef [Betreuer]</subfield></datafield><datafield ind2="1" ind1="0" tag="331"><subfield code="a">Entwicklung eines Analyseverfahrens zur magnetischen Immunodetektion von Pflanzenpathogenen am Beispiel des Grapevine Fanleaf Virus</subfield></datafield><datafield ind2=" " ind1="0" tag="359"><subfield code="a">in Zusammenarbeit mit: Fraunhofer-Institut für Molekularbiologie und Angewandte Oekologie, Aachen (Dr. rer. nat. Florian Schröper)</subfield></datafield><datafield ind2=" " ind1="0" tag="425"><subfield code="a">2012</subfield></datafield><datafield ind2="1" ind1="0" tag="519"><subfield code="a">Aachen, FH, Bachelorarbeit, 2013</subfield></datafield></record>