<record format="MarcXchange" type="Bibliographic"><leader>00000     2200000   000 </leader><controlfield tag="001">406954</controlfield><controlfield tag="002">08.01.2013</controlfield><controlfield tag="003">08.01.2013</controlfield><datafield ind2="1" ind1="0" tag="014"><subfield code="a">61 P 12-121B</subfield></datafield><datafield ind2="1" ind1="0" tag="015"><subfield code="a">eng</subfield></datafield><datafield ind2="1" ind1="0" tag="029"><subfield code="a">06</subfield></datafield><datafield ind2="1" ind1="0" tag="100"><subfield code="a">Kallrath, Simon</subfield></datafield><datafield ind2="1" ind1="0" tag="101"><subfield code="a">Sander, Volker [Betreuer]</subfield></datafield><datafield ind2="1" ind1="0" tag="331"><subfield code="a">PCAP Parallel Post Processing</subfield></datafield><datafield ind2="1" ind1="0" tag="335"><subfield code="a">Research about an optimized filtering and saving of continuous produced network packet data</subfield></datafield><datafield ind2=" " ind1="0" tag="425"><subfield code="a">2012</subfield></datafield><datafield ind2="1" ind1="0" tag="519"><subfield code="a">Aachen, FH, Bachelorarbeit, 2013</subfield></datafield></record>