<record format="MarcXchange" type="Bibliographic"><leader>00000     2200000   000 </leader><controlfield tag="001">269933</controlfield><controlfield tag="002">28.05.2010</controlfield><datafield ind2="1" ind1="0" tag="014"><subfield code="a">61 C 09/10-75</subfield></datafield><datafield ind2="1" ind1="0" tag="015"><subfield code="a">ger</subfield></datafield><datafield ind2="1" ind1="0" tag="029"><subfield code="a">06</subfield></datafield><datafield ind2="1" ind1="0" tag="100"><subfield code="a">Kameni, Jean</subfield></datafield><datafield ind2="1" ind1="0" tag="101"><subfield code="a">Vaeßen, Christiane [Betreuer]</subfield></datafield><datafield ind2="1" ind1="0" tag="331"><subfield code="a">Entwicklung und Validierung eines Verfahrens zur Farbbestimmung von Gelatinemassen bei der herstelllung von Weichgelatinekapseln</subfield></datafield><datafield ind2=" " ind1="0" tag="359"><subfield code="a">in Zusammenarbeit mit: Fa. R:P. Scherer GmbH &amp; Co. KG - Eberbach Catalent Firmengruppe (Dipl.-Ing. Friedhelm Berg)</subfield></datafield><datafield ind2=" " ind1="0" tag="425"><subfield code="a">2010</subfield></datafield><datafield ind2="1" ind1="0" tag="519"><subfield code="a">Aachen, FH, Diplomarbeit, 2010</subfield></datafield></record>