<record format="MarcXchange" type="Bibliographic"><leader>00000     2200000   000 </leader><controlfield tag="001">271849</controlfield><controlfield tag="002">02.07.2010</controlfield><controlfield tag="003">02.07.2010</controlfield><datafield ind2="1" ind1="0" tag="014"><subfield code="a">61 P 10-18B</subfield></datafield><datafield ind2="1" ind1="0" tag="015"><subfield code="a">ger</subfield></datafield><datafield ind2="1" ind1="0" tag="029"><subfield code="a">06</subfield></datafield><datafield ind2="1" ind1="0" tag="100"><subfield code="a">Kames, Bernadette</subfield></datafield><datafield ind2="1" ind1="0" tag="101"><subfield code="a">Terstegge, Andreas [Betreuer]</subfield></datafield><datafield ind2="1" ind1="0" tag="331"><subfield code="a">Evaluation des Open source Ticket Request Systems (OTRS) anhand eines Softwareergonomischen Verfahrens</subfield></datafield><datafield ind2=" " ind1="0" tag="359"><subfield code="a">in Zsuammenarbeit mit: Universität  Köln/ Regionalen Rechenzentrum (RRZK) (Dipl.-Math. Michael Holst)</subfield></datafield><datafield ind2=" " ind1="0" tag="425"><subfield code="a">2010</subfield></datafield><datafield ind2="1" ind1="0" tag="519"><subfield code="a">Aachen, FH, Bachelorarbeit, 2010</subfield></datafield></record>