<record format="MarcXchange" type="Bibliographic"><leader>00000     2200000   000 </leader><controlfield tag="001">258316</controlfield><controlfield tag="002">21.10.2009</controlfield><controlfield tag="003">21.10.2009</controlfield><datafield ind2="1" ind1="0" tag="014"><subfield code="a">61 C 09-34</subfield></datafield><datafield ind2="1" ind1="0" tag="015"><subfield code="a">ger</subfield></datafield><datafield ind2="1" ind1="0" tag="029"><subfield code="a">06</subfield></datafield><datafield ind2="1" ind1="0" tag="100"><subfield code="a">Kämpfe, Kristian</subfield></datafield><datafield ind2="1" ind1="0" tag="101"><subfield code="a">Lassonczyk, Beate [Betreuer]</subfield></datafield><datafield ind2="1" ind1="0" tag="331"><subfield code="a">Experimentelle Untersuchung zur Ozonung von vorgereinigtem Krankenhausabwasser</subfield></datafield><datafield ind2=" " ind1="0" tag="359"><subfield code="a">in Zusammenarbeit mit: Rheinisch-Westfälischen Technischen Hochschule Aachen/Lehrstuhl für Siedlungswasser- und Siedlungsabfallwirtschaft (Dipl.-Ing. Silvio Beier)</subfield></datafield><datafield ind2=" " ind1="0" tag="425"><subfield code="a">2009</subfield></datafield><datafield ind2="1" ind1="0" tag="519"><subfield code="a">Aachen, FH, Diplomarbeit, 2009</subfield></datafield></record>