<record format="MarcXchange" type="Bibliographic"><leader>00000     2200000   000 </leader><controlfield tag="001">272192</controlfield><controlfield tag="002">12.07.2010</controlfield><controlfield tag="003">13.07.2010</controlfield><datafield ind2="1" ind1="0" tag="014"><subfield code="a">61 BMT 10-20B</subfield></datafield><datafield ind2="1" ind1="0" tag="015"><subfield code="a">ger</subfield></datafield><datafield ind2="1" ind1="0" tag="029"><subfield code="a">06</subfield></datafield><datafield ind2="1" ind1="0" tag="100"><subfield code="a">Kamwa, Kevine</subfield></datafield><datafield ind2="1" ind1="0" tag="101"><subfield code="a">Weber, Hans-Joachim [Betreuer]</subfield></datafield><datafield ind2="1" ind1="0" tag="331"><subfield code="a">Aufbau eines Prüfstandes zur Testung eines Hohlfasermembran-Moduls (Xenonator)</subfield></datafield><datafield ind2=" " ind1="0" tag="359"><subfield code="a">in Zusammenarbeit mit: RWTH Aachen/Helmholtz-Institut für Biomedizinische Technik ; Arbeitsgruppe Cardio Vascular Engineering (CVE) (Dipl.-Ing. Kathrin Hamilton)</subfield></datafield><datafield ind2=" " ind1="0" tag="425"><subfield code="a">2010</subfield></datafield><datafield ind2="1" ind1="0" tag="519"><subfield code="a">Aachen, FH, Bachelorarbeit, 2010</subfield></datafield><datafield ind2="1" ind1="0" tag="600"><subfield code="a">für immer unter Verschluss</subfield></datafield></record>