<record format="MarcXchange" type="Bibliographic"><leader>00000     2200000   000 </leader><controlfield tag="001">258163</controlfield><controlfield tag="002">14.10.2009</controlfield><controlfield tag="003">14.10.2009</controlfield><datafield ind2="1" ind1="0" tag="014"><subfield code="a">61 ET 09-02B</subfield></datafield><datafield ind2="1" ind1="0" tag="015"><subfield code="a">eng</subfield></datafield><datafield ind2="1" ind1="0" tag="029"><subfield code="a">06</subfield></datafield><datafield ind2="1" ind1="0" tag="100"><subfield code="a">Kanaan, Mohamad-Ali</subfield></datafield><datafield ind2="1" ind1="0" tag="101"><subfield code="a">Zang, Werner [Betreuer]</subfield></datafield><datafield ind2="1" ind1="0" tag="331"><subfield code="a">Entwicklung eines Regleroptimierungsprogramms</subfield></datafield><datafield ind2="1" ind1="0" tag="341"><subfield code="a">Development of a control optimization program</subfield></datafield><datafield ind2=" " ind1="0" tag="359"><subfield code="a">in Zusammenarbeit mit: Fa. HiTec Zang</subfield></datafield><datafield ind2=" " ind1="0" tag="425"><subfield code="a">2009</subfield></datafield><datafield ind2="1" ind1="0" tag="519"><subfield code="a">Aachen, FH, Bachelorarbeit, 2009</subfield></datafield></record>