<record format="MarcXchange" type="Bibliographic"><leader>00000     2200000   000 </leader><controlfield tag="001">459906</controlfield><controlfield tag="002">21.10.2013</controlfield><controlfield tag="003">21.10.2013</controlfield><datafield ind2="1" ind1="0" tag="014"><subfield code="a">61 BMT 13-37M</subfield></datafield><datafield ind2="1" ind1="0" tag="015"><subfield code="a">eng</subfield></datafield><datafield ind2="1" ind1="0" tag="029"><subfield code="a">06</subfield></datafield><datafield ind2="1" ind1="0" tag="100"><subfield code="a">Karippai, Nobu</subfield></datafield><datafield ind2="1" ind1="0" tag="101"><subfield code="a">Behbahani, Mehdi [Betreuer]</subfield></datafield><datafield ind2="1" ind1="0" tag="331"><subfield code="a">Rapid and Automated Bacterial DNA Extraction, Amplification and Detection using a Centrifugal Force Based Microfluidic Device and an LED Based Optical Sensor</subfield></datafield><datafield ind2=" " ind1="0" tag="359"><subfield code="a">in Zusammenarbeit mit: Robert Bosch GmbH, Stuttgart (Melanie Hoehl)</subfield></datafield><datafield ind2=" " ind1="0" tag="425"><subfield code="a">2013</subfield></datafield><datafield ind2="1" ind1="0" tag="519"><subfield code="a">Aachen, FH, Masterarbeit, 2013</subfield></datafield><datafield ind2="1" ind1="0" tag="600"><subfield code="a">für immer unter Verschluss</subfield></datafield></record>