<record format="MarcXchange" type="Bibliographic"><leader>00000     2200000   000 </leader><controlfield tag="001">482935</controlfield><controlfield tag="002">17.03.2014</controlfield><datafield ind2="1" ind1="0" tag="014"><subfield code="a">61 BMT 13/14-53B</subfield></datafield><datafield ind2="1" ind1="0" tag="015"><subfield code="a">eng</subfield></datafield><datafield ind2="1" ind1="0" tag="029"><subfield code="a">06</subfield></datafield><datafield ind2="1" ind1="0" tag="100"><subfield code="a">Kawache, Mohammad</subfield></datafield><datafield ind2="1" ind1="0" tag="101"><subfield code="a">Digel, Ilya</subfield></datafield><datafield ind2="1" ind1="0" tag="331"><subfield code="a">Thermal Stability of Human Hemoglobin and Red Blood Cell Elasticity</subfield></datafield><datafield ind2=" " ind1="0" tag="425"><subfield code="a">2013</subfield></datafield><datafield ind2="1" ind1="0" tag="519"><subfield code="a">Aachen, FH, Bachelorarbeit, 2014</subfield></datafield></record>