<record format="MarcXchange" type="Bibliographic"><leader>00000     2200000   000 </leader><controlfield tag="001">300379</controlfield><controlfield tag="002">01.12.2011</controlfield><controlfield tag="003">01.12.2011</controlfield><datafield ind2="1" ind1="0" tag="014"><subfield code="a">61 P 11-128B</subfield></datafield><datafield ind2="1" ind1="0" tag="015"><subfield code="a">ger</subfield></datafield><datafield ind2="1" ind1="0" tag="029"><subfield code="a">06</subfield></datafield><datafield ind2="1" ind1="0" tag="100"><subfield code="a">Keuler, Stefanie</subfield></datafield><datafield ind2="1" ind1="0" tag="101"><subfield code="a">Reißel, Martin [Betreuer]</subfield></datafield><datafield ind2="1" ind1="0" tag="331"><subfield code="a">Parallele Implementierung einer Lattice-Boltzmann-Simulation von Gas-Diffusion-Layern für Brennstoffzellen</subfield></datafield><datafield ind2=" " ind1="0" tag="359"><subfield code="a">in Zusammenarbeit mit: Forschungszentrum Jülich GmbH/Institut für Energie- und Klimaforschung (IEK) ; IEK-3: Brennstoffzellen (Dipl.-Inf. D. Froning)</subfield></datafield><datafield ind2=" " ind1="0" tag="425"><subfield code="a">2011</subfield></datafield><datafield ind2="1" ind1="0" tag="519"><subfield code="a">Aachen, FH, Bachelorarbeit, 2011</subfield></datafield></record>