<record format="MarcXchange" type="Bibliographic"><leader>00000     2200000   000 </leader><controlfield tag="001">434354</controlfield><controlfield tag="002">04.07.2013</controlfield><datafield ind2="1" ind1="0" tag="014"><subfield code="a">61 KT 12/13-46M</subfield></datafield><datafield ind2="1" ind1="0" tag="015"><subfield code="a">eng</subfield></datafield><datafield ind2="1" ind1="0" tag="029"><subfield code="a">06</subfield></datafield><datafield ind2="1" ind1="0" tag="100"><subfield code="a">Khalafallah, Nabil</subfield></datafield><datafield ind2="1" ind1="0" tag="101"><subfield code="a">Hoyler, Friedrich</subfield></datafield><datafield ind2="1" ind1="0" tag="331"><subfield code="a">Measurment of the natural Radioactive series in Tee, Coffee, Tobacco samples</subfield></datafield><datafield ind2=" " ind1="0" tag="425"><subfield code="a">2013</subfield></datafield><datafield ind2="1" ind1="0" tag="519"><subfield code="a">Aachen, FH, Masterarbeit, 2013</subfield></datafield><datafield ind2="1" ind1="0" tag="600"><subfield code="a">für immer unter Verschluss</subfield></datafield></record>