<record format="MarcXchange" type="Bibliographic"><leader>00000     2200000   000 </leader><controlfield tag="001">296563</controlfield><controlfield tag="002">16.09.2011</controlfield><datafield ind2="1" ind1="0" tag="014"><subfield code="a">61 C 11-15M</subfield></datafield><datafield ind2="1" ind1="0" tag="015"><subfield code="a">ger</subfield></datafield><datafield ind2="1" ind1="0" tag="029"><subfield code="a">06</subfield></datafield><datafield ind2="1" ind1="0" tag="100"><subfield code="a">Kharat, Ahmadans</subfield></datafield><datafield ind2="1" ind1="0" tag="101"><subfield code="a">Seide, Gunnar [Betreuer]</subfield></datafield><datafield ind2="1" ind1="0" tag="331"><subfield code="a">Theoretische und experimentelle Untersuchung zur Stabilisierung von Polyacrylnitril-Fasern zur Herstellung von Carbonfasern</subfield></datafield><datafield ind2=" " ind1="0" tag="359"><subfield code="a">in Zusammnenarbeit mit: RWTH Aachen/Institut für Textiltechnik (Prof. Dr.-Ing. Dipl.-Wirt.-Ing. Thomas Gries)</subfield></datafield><datafield ind2=" " ind1="0" tag="425"><subfield code="a">2011</subfield></datafield><datafield ind2="1" ind1="0" tag="519"><subfield code="a">Aachen, FH, Masterarbeit, 2011</subfield></datafield><datafield ind2="1" ind1="0" tag="600"><subfield code="a">für immer unter Verschluss</subfield></datafield></record>