<record format="MarcXchange" type="Bibliographic"><leader>00000     2200000   000 </leader><controlfield tag="001">296625</controlfield><controlfield tag="002">19.09.2011</controlfield><controlfield tag="003">19.09.2011</controlfield><datafield ind2="1" ind1="0" tag="014"><subfield code="a">61 KT 11-20M</subfield></datafield><datafield ind2="1" ind1="0" tag="015"><subfield code="a">eng</subfield></datafield><datafield ind2="1" ind1="0" tag="029"><subfield code="a">06</subfield></datafield><datafield ind2="1" ind1="0" tag="100"><subfield code="a">Khashan, Ahmad</subfield></datafield><datafield ind2="1" ind1="0" tag="101"><subfield code="a">Scherer, Ulrich [Betreuer]</subfield></datafield><datafield ind2="1" ind1="0" tag="331"><subfield code="a">Determination of temporal distribution of a radio-pharmaceuticals in rats</subfield></datafield><datafield ind2="1" ind1="0" tag="335"><subfield code="a">with the dynamic imaging method using a HiSPECT camera</subfield></datafield><datafield ind2=" " ind1="0" tag="359"><subfield code="a">in Zusammenarbeit mit: Nuklearmedizinische Klinik, Düsseldorf (Dr. rer. nat. Andreas Wirrwar)</subfield></datafield><datafield ind2=" " ind1="0" tag="425"><subfield code="a">2011</subfield></datafield><datafield ind2="1" ind1="0" tag="519"><subfield code="a">Aachen, FH, Masterarbeit, 2011</subfield></datafield></record>