<record format="MarcXchange" type="Bibliographic"><leader>00000     2200000   000 </leader><controlfield tag="001">436469</controlfield><controlfield tag="002">12.08.2013</controlfield><datafield ind2="1" ind1="0" tag="014"><subfield code="a">61 C 13-01B</subfield></datafield><datafield ind2="1" ind1="0" tag="015"><subfield code="a">eng</subfield></datafield><datafield ind2="1" ind1="0" tag="029"><subfield code="a">06</subfield></datafield><datafield ind2="1" ind1="0" tag="100"><subfield code="a">Kiefer, David</subfield></datafield><datafield ind2="1" ind1="0" tag="101"><subfield code="a">Lauth, Günter [Betreuer]</subfield></datafield><datafield ind2="1" ind1="0" tag="331"><subfield code="a">Alkaline Stability of Binders for Glass Fibers</subfield></datafield><datafield ind2="1" ind1="0" tag="335"><subfield code="a">an approach to alkaline stabel formulations with Acrodur 950 L</subfield></datafield><datafield ind2=" " ind1="0" tag="359"><subfield code="a">in Zusammenarbeit mit: BASF SE, Ludwigshafen/Laboratory of Marketing for Fiber Bonding (Dip.-Ing. (FH) Christian Brand)</subfield></datafield><datafield ind2=" " ind1="0" tag="425"><subfield code="a">2013</subfield></datafield><datafield ind2="1" ind1="0" tag="519"><subfield code="a">Aachen, FH, Bachelorarbeit, 2013</subfield></datafield><datafield ind2="1" ind1="0" tag="600"><subfield code="a">für immer unter Verschluss</subfield></datafield></record>