<record format="MarcXchange" type="Bibliographic"><leader>00000     2200000   000 </leader><controlfield tag="001">277617</controlfield><controlfield tag="002">24.09.2010</controlfield><datafield ind2="1" ind1="0" tag="014"><subfield code="a">61 P 10-90B</subfield></datafield><datafield ind2="1" ind1="0" tag="015"><subfield code="a">ger</subfield></datafield><datafield ind2="1" ind1="0" tag="029"><subfield code="a">06</subfield></datafield><datafield ind2="1" ind1="0" tag="100"><subfield code="a">Kirchhart, Lukas</subfield></datafield><datafield ind2="1" ind1="0" tag="101"><subfield code="a">Reißel, Martin [Betreuer]</subfield></datafield><datafield ind2="1" ind1="0" tag="331"><subfield code="a">Erweiterung der Schnittstellen der WZL Gear Toolbox und Einführung des Hierarchical Data Formats</subfield></datafield><datafield ind2=" " ind1="0" tag="359"><subfield code="a">in Zuammenarbeit mit: RWTH Aachen/Werkzeugmaschinenlabor (Dipl.-Ing. Dipl.-wirt.-Ing. Tobias Röthlingshöfer)</subfield></datafield><datafield ind2=" " ind1="0" tag="425"><subfield code="a">2010</subfield></datafield><datafield ind2="1" ind1="0" tag="519"><subfield code="a">Aachen, FH, Bachelorarbeit, 2010</subfield></datafield></record>