<record format="MarcXchange" type="Bibliographic"><leader>00000     2200000   000 </leader><controlfield tag="001">261516</controlfield><controlfield tag="002">27.01.2010</controlfield><datafield ind2="1" ind1="0" tag="014"><subfield code="a">61 P 09/10-10B</subfield></datafield><datafield ind2="1" ind1="0" tag="015"><subfield code="a">ger</subfield></datafield><datafield ind2="1" ind1="0" tag="029"><subfield code="a">06</subfield></datafield><datafield ind2="1" ind1="0" tag="100"><subfield code="a">Klein, Thomas</subfield></datafield><datafield ind2="1" ind1="0" tag="101"><subfield code="a">Terstegge, Andreas [Betreuer]</subfield></datafield><datafield ind2="1" ind1="0" tag="331"><subfield code="a">Erfassung und Auswertung von Leistungskennzahlen an einem HPC-System</subfield></datafield><datafield ind2=" " ind1="0" tag="359"><subfield code="a">in Zusammenarbeit mit: RWTH Aachen/Kommunikationszentrum (Dr. Thomas Eifert)</subfield></datafield><datafield ind2=" " ind1="0" tag="425"><subfield code="a">2009</subfield></datafield><datafield ind2="1" ind1="0" tag="519"><subfield code="a">Aachen, FH, Bachelorarbeit, 2009</subfield></datafield></record>