<record format="MarcXchange" type="Bibliographic"><leader>00000     2200000   000 </leader><controlfield tag="001">258307</controlfield><controlfield tag="002">20.10.2009</controlfield><controlfield tag="003">07.05.2010</controlfield><datafield ind2="1" ind1="0" tag="014"><subfield code="a">61 BMT 09-47B</subfield></datafield><datafield ind2="1" ind1="0" tag="015"><subfield code="a">ger</subfield></datafield><datafield ind2="1" ind1="0" tag="029"><subfield code="a">06</subfield></datafield><datafield ind2="1" ind1="0" tag="100"><subfield code="a">Knaup, Sebastian</subfield></datafield><datafield ind2="1" ind1="0" tag="101"><subfield code="a">Stellberg, Michael [Betreuer]</subfield></datafield><datafield ind2="1" ind1="0" tag="331"><subfield code="a">Modifizierung des Herzklappenkompartments für den Herzklappendauertester HIA-FT2</subfield></datafield><datafield ind2="1" ind1="0" tag="335"><subfield code="a">unter einer Vergleichsstudie des Dynatek- und Rowan Ash Dauertestprinzip</subfield></datafield><datafield ind2=" " ind1="0" tag="359"><subfield code="a">in Zusammenarbeit mit: Helmholtz-Institut für Biomedizinische Technik Aachen/Lehrstuhl für angewandte Medizintechnik ; Abteilung:Cardiovaskuläre Technik (Dipl.-Ing. Marc Utzenrath)</subfield></datafield><datafield ind2=" " ind1="0" tag="425"><subfield code="a">2009</subfield></datafield><datafield ind2="1" ind1="0" tag="519"><subfield code="a">Aachen, FH, Bachelorarbeit, 2009</subfield></datafield><datafield ind2="1" ind1="0" tag="600"><subfield code="a">für immer unter Verschluss</subfield></datafield></record>