<record format="MarcXchange" type="Bibliographic"><leader>00000     2200000   000 </leader><controlfield tag="001">436470</controlfield><controlfield tag="002">12.08.2013</controlfield><controlfield tag="003">12.08.2013</controlfield><datafield ind2="1" ind1="0" tag="014"><subfield code="a">61 C 13-02B</subfield></datafield><datafield ind2="1" ind1="0" tag="015"><subfield code="a">ger</subfield></datafield><datafield ind2="1" ind1="0" tag="029"><subfield code="a">06</subfield></datafield><datafield ind2="1" ind1="0" tag="100"><subfield code="a">Knekties, Jaqueline</subfield></datafield><datafield ind2="1" ind1="0" tag="101"><subfield code="a">Jeromin, Günter [Betreuer]</subfield></datafield><datafield ind2="1" ind1="0" tag="331"><subfield code="a">Pflanzenproteine als Kapselwandmaterial bei der Komplexkoazervation</subfield></datafield><datafield ind2=" " ind1="0" tag="359"><subfield code="a">in Zusammenarbeit  mit: Fraunhofer-Institut für angewandte Polymerforschung, Potsdam-Golm (Dipl-Ing. M. Jobmann)</subfield></datafield><datafield ind2=" " ind1="0" tag="425"><subfield code="a">2013</subfield></datafield><datafield ind2="1" ind1="0" tag="519"><subfield code="a">Aachen, FH, Bachelorarbeit, 2013</subfield></datafield></record>