<record format="MarcXchange" type="Bibliographic"><leader>00000     2200000   000 </leader><controlfield tag="001">260626</controlfield><controlfield tag="002">22.12.2009</controlfield><controlfield tag="003">22.12.2009</controlfield><datafield ind2="1" ind1="0" tag="014"><subfield code="a">61 P 09-124</subfield></datafield><datafield ind2="1" ind1="0" tag="015"><subfield code="a">ger</subfield></datafield><datafield ind2="1" ind1="0" tag="029"><subfield code="a">06</subfield></datafield><datafield ind2="1" ind1="0" tag="100"><subfield code="a">Koç, Yasir</subfield></datafield><datafield ind2="1" ind1="0" tag="101"><subfield code="a">Rateike, Franz-Matthias [Betreuer]</subfield></datafield><datafield ind2="1" ind1="0" tag="331"><subfield code="a">Untersuchung des thermischen und spektralen Verhaltens eines Faserlaserresonators mit Faser-Bragg-Gittern</subfield></datafield><datafield ind2=" " ind1="0" tag="359"><subfield code="a">in Zusammenarbeit mit: Fraunhofer Institut für Lasertechnik Aachen (Dipl.-Ing. Bernhard Zintzen)</subfield></datafield><datafield ind2=" " ind1="0" tag="425"><subfield code="a">2007</subfield></datafield><datafield ind2="1" ind1="0" tag="519"><subfield code="a">Aachen, FH, Diplomarbeit, 2009</subfield></datafield></record>