<record format="MarcXchange" type="Bibliographic"><leader>00000     2200000   000 </leader><controlfield tag="001">255183</controlfield><controlfield tag="002">28.07.2009</controlfield><controlfield tag="003">24.08.2009</controlfield><datafield ind2="1" ind1="0" tag="014"><subfield code="a">61 C 09-18</subfield></datafield><datafield ind2="1" ind1="0" tag="015"><subfield code="a">ger</subfield></datafield><datafield ind2="1" ind1="0" tag="029"><subfield code="a">06</subfield></datafield><datafield ind2="1" ind1="0" tag="100"><subfield code="a">Koenn, Florian</subfield></datafield><datafield ind2="1" ind1="0" tag="101"><subfield code="a">Scherer, Ulrich [Betreuer]</subfield></datafield><datafield ind2="1" ind1="0" tag="331"><subfield code="a">Alpha-spektrometrische Untersuchungen von Wasserproben aus der Zwickauer Mulde</subfield></datafield><datafield ind2=" " ind1="0" tag="359"><subfield code="a">in Zusammenarbeit mit: Zentrum für Strahlenschutz und Radioökologie, Hannover ; Leibniz Universität Hannover, Hannover (Prof. Dr. R. Michel)</subfield></datafield><datafield ind2=" " ind1="0" tag="425"><subfield code="a">2009</subfield></datafield><datafield ind2="1" ind1="0" tag="519"><subfield code="a">Aachen, FH, Diplomarbeit, 2009</subfield></datafield></record>