<record format="MarcXchange" type="Bibliographic"><leader>00000     2200000   000 </leader><controlfield tag="001">130037</controlfield><controlfield tag="002">01.02.1996</controlfield><controlfield tag="003">31.03.2014</controlfield><datafield ind2="1" ind1="9" tag="905"><subfield code="a">96/0000327</subfield></datafield><datafield ind2="2" ind1="9" tag="905"><subfield code="a">97/0002058</subfield></datafield><datafield ind2="1" ind1="9" tag="909"><subfield code="a">HBZ</subfield></datafield><datafield ind2="1" ind1="0" tag="010"><subfield code="a">HT006423660</subfield></datafield><datafield ind2="1" ind1="0" tag="011"><subfield code="a">LL004414055</subfield></datafield><datafield ind2="2" ind1="0" tag="011"><subfield code="a">FAC50000048844-000020</subfield></datafield><datafield ind2="1" ind1="0" tag="014"><subfield code="a">21 XJB 341</subfield></datafield><datafield ind2="2" ind1="0" tag="014"><subfield code="a">61 XJB 147</subfield></datafield><datafield ind2="1" ind1="0" tag="015"><subfield code="a">ger</subfield></datafield><datafield ind2=" " ind1="0" tag="027"><subfield code="a">V</subfield></datafield><datafield ind2="1" ind1="0" tag="035"><subfield code="a">DE</subfield></datafield><datafield ind2=" " ind1="0" tag="036"><subfield code="a">m</subfield></datafield><datafield ind2=" " ind1="0" tag="038"><subfield code="a">y</subfield></datafield><datafield ind2="1" ind1="0" tag="100"><subfield code="a">Koller, Rudolf</subfield></datafield><datafield ind2="2" ind1="0" tag="100"><subfield code="a">Kastrup, Norbert</subfield></datafield><datafield ind2="1" ind1="0" tag="331"><subfield code="a">Prinziplösungen zur Konstruktion technischer Produkte</subfield></datafield><datafield ind2=" " ind1="0" tag="359"><subfield code="a">Rudolf Koller ; Norbert Kastrup</subfield></datafield><datafield ind2="1" ind1="0" tag="410"><subfield code="a">Berlin [u.a.]</subfield></datafield><datafield ind2="1" ind1="0" tag="412"><subfield code="a">Springer</subfield></datafield><datafield ind2=" " ind1="0" tag="425"><subfield code="a">1994</subfield></datafield><datafield ind2="1" ind1="0" tag="433"><subfield code="a">VI, 476 S. : graph. Darst.</subfield></datafield><datafield ind2="1" ind1="0" tag="519"><subfield code="a">Teilw. zugl.: Aachen, Techn. Hochsch., Diss., 1992 u.d.T.: Kastrup, Norbert: Synthese von Prinziplösungen mit Hilfe eines Katalogsystems</subfield></datafield><datafield ind2="1" ind1="0" tag="540"><subfield code="a">3-540-58243-6</subfield></datafield><datafield ind2="1" ind1="0" tag="606"><subfield code="a">Bk</subfield></datafield><datafield ind2="1" ind1="0" tag="700"><subfield code="a">XJB</subfield></datafield><datafield ind2=" " ind1="0" tag="800"><subfield code="a">a</subfield></datafield><datafield ind2="1" ind1="0" tag="902"><subfield code="a">Technisches Produkt</subfield></datafield><datafield ind2="2" ind1="0" tag="902"><subfield code="a">Physikalischer Effekt</subfield></datafield><datafield ind2="3" ind1="0" tag="902"><subfield code="a">Konstruktion</subfield></datafield><datafield ind2="4" ind1="0" tag="902"><subfield code="a">Beispielsammlung</subfield></datafield><datafield ind2="1" ind1="0" tag="903"><subfield code="a">2134</subfield></datafield><datafield ind2="2" ind1="0" tag="903"><subfield code="a">3124</subfield></datafield><datafield ind2="1" ind1="1" tag="024"><subfield code="a">HBZHT006423660</subfield></datafield><datafield ind2="1" ind1="1" tag="672"><subfield code="a">Aachen</subfield></datafield><datafield ind2="1" ind1="1" tag="675"><subfield code="a">2027976-0</subfield></datafield></record>