<record format="MarcXchange" type="Bibliographic"><leader>00000     2200000   000 </leader><controlfield tag="001">159285</controlfield><controlfield tag="002">16.03.1998</controlfield><controlfield tag="003">10.07.2014</controlfield><datafield ind2="1" ind1="9" tag="905"><subfield code="a">98/0002088</subfield></datafield><datafield ind2="2" ind1="9" tag="905"><subfield code="a">98/0002154</subfield></datafield><datafield ind2="3" ind1="9" tag="905"><subfield code="a">98/0002431</subfield></datafield><datafield ind2="4" ind1="9" tag="905"><subfield code="a">10/0002751</subfield></datafield><datafield ind2="5" ind1="9" tag="905"><subfield code="a">14/0002328</subfield></datafield><datafield ind2="1" ind1="9" tag="909"><subfield code="a">HBZ</subfield></datafield><datafield ind2="1" ind1="0" tag="010"><subfield code="a">HT007826643</subfield></datafield><datafield ind2="1" ind1="0" tag="011"><subfield code="a">LL005713171</subfield></datafield><datafield ind2="2" ind1="0" tag="011"><subfield code="a">FAC50000059918-000020</subfield></datafield><datafield ind2="3" ind1="0" tag="011"><subfield code="a">FAC50000059918-000030</subfield></datafield><datafield ind2="1" ind1="0" tag="014"><subfield code="a">61 XJB 147(2)</subfield></datafield><datafield ind2="2" ind1="0" tag="014"><subfield code="a">21 XJB 341(2)</subfield></datafield><datafield ind2="1" ind1="0" tag="015"><subfield code="a">ger</subfield></datafield><datafield ind2=" " ind1="0" tag="027"><subfield code="a">V</subfield></datafield><datafield ind2="1" ind1="0" tag="035"><subfield code="a">DE</subfield></datafield><datafield ind2=" " ind1="0" tag="036"><subfield code="a">m</subfield></datafield><datafield ind2=" " ind1="0" tag="038"><subfield code="a">y</subfield></datafield><datafield ind2="1" ind1="0" tag="100"><subfield code="a">Koller, Rudolf</subfield></datafield><datafield ind2="2" ind1="0" tag="100"><subfield code="a">Kastrup, Norbert</subfield></datafield><datafield ind2="1" ind1="0" tag="331"><subfield code="a">Prinziplösungen zur Konstruktion technischer Produkte</subfield></datafield><datafield ind2=" " ind1="0" tag="359"><subfield code="a">Rudolf Koller ; Norbert Kastrup</subfield></datafield><datafield ind2=" " ind1="0" tag="403"><subfield code="a">2., neubearb. Aufl.</subfield></datafield><datafield ind2="1" ind1="0" tag="410"><subfield code="a">Berlin [u.a.]</subfield></datafield><datafield ind2="1" ind1="0" tag="412"><subfield code="a">Springer</subfield></datafield><datafield ind2=" " ind1="0" tag="425"><subfield code="a">1998</subfield></datafield><datafield ind2="1" ind1="0" tag="433"><subfield code="a">IX, 503 S. : Ill., zahlr. graph. Darst.</subfield></datafield><datafield ind2="1" ind1="0" tag="519"><subfield code="a">Teilw. zugl.: Aachen, Techn. Hochsch., Diss., 1992 u.d.T.: Kastrup, Norbert: Synthese von Prinziplösungen mit Hilfe eines Katalogsystems</subfield></datafield><datafield ind2="1" ind1="0" tag="540"><subfield code="a">3-540-63060-0</subfield></datafield><datafield ind2="1" ind1="0" tag="600"><subfield code="a">neu1407</subfield></datafield><datafield ind2="1" ind1="0" tag="606"><subfield code="a">ti/th</subfield></datafield><datafield ind2="2" ind1="0" tag="606"><subfield code="a">ti/kow/meh</subfield></datafield><datafield ind2="1" ind1="0" tag="700"><subfield code="a">XJB</subfield></datafield><datafield ind2="1" ind1="0" tag="751"><subfield code="a">BB2</subfield></datafield><datafield ind2="2" ind1="0" tag="751"><subfield code="a">BB2: 21 XJB 341(2)+3 wg. VM</subfield></datafield><datafield ind2=" " ind1="0" tag="800"><subfield code="a">a</subfield></datafield><datafield ind2="1" ind1="0" tag="902"><subfield code="a">Technisches Produkt</subfield></datafield><datafield ind2="2" ind1="0" tag="902"><subfield code="a">Physikalischer Effekt</subfield></datafield><datafield ind2="3" ind1="0" tag="902"><subfield code="a">Konstruktion</subfield></datafield><datafield ind2="4" ind1="0" tag="902"><subfield code="a">Beispielsammlung</subfield></datafield><datafield ind2="1" ind1="0" tag="903"><subfield code="a">2134;3124</subfield></datafield><datafield ind2="1" ind1="1" tag="024"><subfield code="a">a|a|||||||||||</subfield></datafield><datafield ind2="2" ind1="1" tag="024"><subfield code="a">a|a||||||||</subfield></datafield><datafield ind2="3" ind1="1" tag="024"><subfield code="a">a|a||||||||</subfield></datafield><datafield ind2="4" ind1="1" tag="024"><subfield code="a">a|a||||||||</subfield></datafield><datafield ind2="1" ind1="1" tag="672"><subfield code="a">Aachen</subfield></datafield><datafield ind2="1" ind1="1" tag="675"><subfield code="a">2027976-0</subfield></datafield><datafield ind2="1" ind1="1" tag="701"><subfield code="a">ZG 9144</subfield></datafield></record>