<record format="MarcXchange" type="Bibliographic"><leader>00000     2200000   000 </leader><controlfield tag="001">450230</controlfield><controlfield tag="002">09.10.2013</controlfield><controlfield tag="003">09.10.2013</controlfield><datafield ind2="1" ind1="0" tag="014"><subfield code="a">61 BMT 13-22B</subfield></datafield><datafield ind2="1" ind1="0" tag="015"><subfield code="a">ger</subfield></datafield><datafield ind2="1" ind1="0" tag="029"><subfield code="a">06</subfield></datafield><datafield ind2="1" ind1="0" tag="100"><subfield code="a">Kolvenbach, Katharina</subfield></datafield><datafield ind2="1" ind1="0" tag="101"><subfield code="a">Behbahani, Mehdi [Betreuer]</subfield></datafield><datafield ind2="1" ind1="0" tag="331"><subfield code="a">Expression und Distribution von Chemokinen und Chemokinrezeptoren im Rahmen der Fremdkörperreaktion von humanen Netzexplantaten</subfield></datafield><datafield ind2=" " ind1="0" tag="359"><subfield code="a">in Zusammenarbeit mit: RWTH Aachen Universitätsklinikum/Forschungslabor der Chirurgie (Dr. med. Jens Otto)</subfield></datafield><datafield ind2=" " ind1="0" tag="425"><subfield code="a">2013</subfield></datafield><datafield ind2="1" ind1="0" tag="519"><subfield code="a">Aachen, FH, Bachelorarbeit, 2013</subfield></datafield></record>