<record format="MarcXchange" type="Bibliographic"><leader>00000     2200000   000 </leader><controlfield tag="001">464052</controlfield><controlfield tag="002">20.11.2013</controlfield><controlfield tag="003">20.11.2013</controlfield><datafield ind2="1" ind1="0" tag="014"><subfield code="a">61 EU 13/14-02B</subfield></datafield><datafield ind2="1" ind1="0" tag="015"><subfield code="a">ger</subfield></datafield><datafield ind2="1" ind1="0" tag="029"><subfield code="a">06</subfield></datafield><datafield ind2="1" ind1="0" tag="100"><subfield code="a">Konradi, Alexander</subfield></datafield><datafield ind2="1" ind1="0" tag="101"><subfield code="a">Brüssermann, Klaus [Betreuer]</subfield></datafield><datafield ind2="1" ind1="0" tag="331"><subfield code="a">Bestimmung der instrumentellen Genauigkeit und Instabilität an Olfaktometern nach DIN EN 13725 mittels eines photoakustischen Gasmonitors</subfield></datafield><datafield ind2=" " ind1="0" tag="359"><subfield code="a">in Zusammenarbeit mit: Aneco Institut für Umweltschutz GmbH, Mönchengladbach (Dipl.-Chem. Michael Robert)</subfield></datafield><datafield ind2=" " ind1="0" tag="425"><subfield code="a">2013</subfield></datafield><datafield ind2="1" ind1="0" tag="519"><subfield code="a">Aachen, FH, Bachelorarbeit, 2013</subfield></datafield><datafield ind2="1" ind1="0" tag="600"><subfield code="a">für immer unter Verschluss</subfield></datafield></record>