<record format="MarcXchange" type="Bibliographic"><leader>00000     2200000   000 </leader><controlfield tag="001">277487</controlfield><controlfield tag="002">20.09.2010</controlfield><controlfield tag="003">20.09.2010</controlfield><datafield ind2="1" ind1="0" tag="014"><subfield code="a">61 P 10-73B</subfield></datafield><datafield ind2="1" ind1="0" tag="015"><subfield code="a">ger</subfield></datafield><datafield ind2="1" ind1="0" tag="029"><subfield code="a">06</subfield></datafield><datafield ind2="1" ind1="0" tag="100"><subfield code="a">Köppinger, Thorsten</subfield></datafield><datafield ind2="1" ind1="0" tag="101"><subfield code="a">Stegelmann, Ulrich [Betreuer]</subfield></datafield><datafield ind2="1" ind1="0" tag="331"><subfield code="a">Programmierung einer Erweiterung für das CMS Joomla zur Erzeugung einer Zeit- und Zufallsgesteuerten Textausgabe im Web - Frontend</subfield></datafield><datafield ind2=" " ind1="0" tag="359"><subfield code="a">in Zusammenarbeit mit: RWTH Aachen/Institut für Straßenwesen, Erd- und Tunnelbau ; Lehrstuhl für Straßenwesen (Frank Bayer)</subfield></datafield><datafield ind2=" " ind1="0" tag="425"><subfield code="a">2010</subfield></datafield><datafield ind2="1" ind1="0" tag="519"><subfield code="a">Aachen, FH, Bachelorarbeit, 2010</subfield></datafield></record>