<record format="MarcXchange" type="Bibliographic"><leader>00000     2200000   000 </leader><controlfield tag="001">376239</controlfield><controlfield tag="002">28.06.2012</controlfield><datafield ind2="1" ind1="0" tag="014"><subfield code="a">61 C 11/12-61B</subfield></datafield><datafield ind2="1" ind1="0" tag="015"><subfield code="a">ger</subfield></datafield><datafield ind2="1" ind1="0" tag="029"><subfield code="a">06</subfield></datafield><datafield ind2="1" ind1="0" tag="100"><subfield code="a">Kopplin, Lydia</subfield></datafield><datafield ind2="1" ind1="0" tag="101"><subfield code="a">Selmer, Thorsten [Betreuer]</subfield></datafield><datafield ind2="1" ind1="0" tag="331"><subfield code="a">Penicillin V Produktion in Penicillium chrysogenum</subfield></datafield><datafield ind2="1" ind1="0" tag="335"><subfield code="a">Prozessentwicklung &amp; 13C-Markierungsexperiment</subfield></datafield><datafield ind2=" " ind1="0" tag="359"><subfield code="a">in Zusammenrabeit mit: Forschungszentrum Jülich GmbH/Institut für Bio- und Geowissenschaften 1 (M. Sc. Katja Schmitz)</subfield></datafield><datafield ind2=" " ind1="0" tag="425"><subfield code="a">2012</subfield></datafield><datafield ind2="1" ind1="0" tag="519"><subfield code="a">Aachen, FH, Bachelorarbeit, 2012</subfield></datafield></record>