<record format="MarcXchange" type="Bibliographic"><leader>00000     2200000   000 </leader><controlfield tag="001">436603</controlfield><controlfield tag="002">14.08.2013</controlfield><controlfield tag="003">14.08.2013</controlfield><datafield ind2="1" ind1="0" tag="014"><subfield code="a">61 ET 13-01B</subfield></datafield><datafield ind2="1" ind1="0" tag="015"><subfield code="a">ger</subfield></datafield><datafield ind2="1" ind1="0" tag="029"><subfield code="a">06</subfield></datafield><datafield ind2="1" ind1="0" tag="100"><subfield code="a">Korger, Jakob</subfield></datafield><datafield ind2="1" ind1="0" tag="101"><subfield code="a">Hodapp, Josef [Betreuer]</subfield></datafield><datafield ind2="1" ind1="0" tag="331"><subfield code="a">Ungänzenbewertung mittels AVG-Methode nach EN 583-2</subfield></datafield><datafield ind2="1" ind1="0" tag="335"><subfield code="a">Vergleich von Phased-Array-und truesDGS®-Technik</subfield></datafield><datafield ind2=" " ind1="0" tag="359"><subfield code="a">in Zusammenarbeit mit: Fa. GE Sensing &amp; Inspection Technologies GmbH, Hürth</subfield></datafield><datafield ind2=" " ind1="0" tag="425"><subfield code="a">2013</subfield></datafield><datafield ind2="1" ind1="0" tag="501"><subfield code="a">für immer unter Verschluss</subfield></datafield><datafield ind2="1" ind1="0" tag="519"><subfield code="a">Aachen, FH, Bachelorarbeit, 2013</subfield></datafield></record>