<record format="MarcXchange" type="Bibliographic"><leader>00000     2200000   000 </leader><controlfield tag="001">301421</controlfield><controlfield tag="002">21.12.2011</controlfield><datafield ind2="1" ind1="0" tag="014"><subfield code="a">61 EU 11-57</subfield></datafield><datafield ind2="1" ind1="0" tag="015"><subfield code="a">ger</subfield></datafield><datafield ind2="1" ind1="0" tag="029"><subfield code="a">06</subfield></datafield><datafield ind2="1" ind1="0" tag="100"><subfield code="a">Korol, Jiří</subfield></datafield><datafield ind2="1" ind1="0" tag="101"><subfield code="a">Helsper, Christoph [Betreuer]</subfield></datafield><datafield ind2="1" ind1="0" tag="331"><subfield code="a">Entscheidungsvorschlag zur Einführung einer kontinuierlichen Partikelmessung im Reinraum</subfield></datafield><datafield ind2=" " ind1="0" tag="359"><subfield code="a">in Zusammenarbeit mit: West Pharmaceutical Services Deutschland GmbH &amp; Co. KG., Stolberg (Dipl.-Ing. E. Claßen)</subfield></datafield><datafield ind2=" " ind1="0" tag="425"><subfield code="a">2004</subfield></datafield><datafield ind2="1" ind1="0" tag="519"><subfield code="a">Aachen, FH, Diplomarbeit, 2011</subfield></datafield></record>