<record format="MarcXchange" type="Bibliographic"><leader>00000     2200000   000 </leader><controlfield tag="001">252162</controlfield><controlfield tag="002">15.05.2009</controlfield><controlfield tag="003">15.05.2009</controlfield><datafield ind2="1" ind1="0" tag="014"><subfield code="a">61 EU 09-01</subfield></datafield><datafield ind2="1" ind1="0" tag="015"><subfield code="a">ger</subfield></datafield><datafield ind2="1" ind1="0" tag="029"><subfield code="a">06</subfield></datafield><datafield ind2="1" ind1="0" tag="100"><subfield code="a">Kraus, Oliver</subfield></datafield><datafield ind2="1" ind1="0" tag="101"><subfield code="a">Hoffschmidt, Bernhard [Betreuer]</subfield></datafield><datafield ind2="1" ind1="0" tag="331"><subfield code="a">Charakterisierung eines Spiegelsystems für den Einsatz in solarthermischen Kraftwerken</subfield></datafield><datafield ind2=" " ind1="0" tag="425"><subfield code="a">2009</subfield></datafield><datafield ind2="1" ind1="0" tag="519"><subfield code="a">Aachen, FH, Diplomarbeit, 2009</subfield></datafield><datafield ind2="1" ind1="0" tag="600"><subfield code="a">für immer unter Verschluss</subfield></datafield></record>