<record format="MarcXchange" type="Bibliographic"><leader>00000     2200000   000 </leader><controlfield tag="001">288477</controlfield><controlfield tag="002">26.04.2011</controlfield><controlfield tag="003">22.02.2012</controlfield><datafield ind2="1" ind1="0" tag="014"><subfield code="a">61 C 10/11-34B</subfield></datafield><datafield ind2="1" ind1="0" tag="015"><subfield code="a">ger</subfield></datafield><datafield ind2="1" ind1="0" tag="029"><subfield code="a">06</subfield></datafield><datafield ind2="1" ind1="0" tag="100"><subfield code="a">Krautscheid, Ralf</subfield></datafield><datafield ind2="1" ind1="0" tag="101"><subfield code="a">Biselli, Manfred [Betreuer]</subfield></datafield><datafield ind2="1" ind1="0" tag="331"><subfield code="a">Isolierung von biotechnologisch produzierten Rhamnolipiden aus Fermentationsmedien</subfield></datafield><datafield ind2=" " ind1="0" tag="359"><subfield code="a">in Zusammenarbeit mit: Technische Universität Dortmund/Fakultät Bio- und Chemieingnieurwesen / Arbeitsgruppe Bioverfahrenstechnik (Dipl.-Ing. Christian Nowacki)</subfield></datafield><datafield ind2=" " ind1="0" tag="425"><subfield code="a">2011</subfield></datafield><datafield ind2="1" ind1="0" tag="519"><subfield code="a">Aachen, FH, Bachelorarbeit, 2011</subfield></datafield><datafield ind2="1" ind1="0" tag="600"><subfield code="a">freigegeben 1202</subfield></datafield></record>