<record format="MarcXchange" type="Bibliographic"><leader>00000     2200000   000 </leader><controlfield tag="001">495499</controlfield><controlfield tag="002">26.05.2014</controlfield><controlfield tag="003">26.05.2014</controlfield><datafield ind2="1" ind1="0" tag="014"><subfield code="a">61 BMT 14-09B</subfield></datafield><datafield ind2="1" ind1="0" tag="015"><subfield code="a">ger</subfield></datafield><datafield ind2="1" ind1="0" tag="029"><subfield code="a">06</subfield></datafield><datafield ind2="1" ind1="0" tag="100"><subfield code="a">Krings, Alexander</subfield></datafield><datafield ind2="1" ind1="0" tag="101"><subfield code="a">Ackermann, Hans-Josef [Betreuer]</subfield></datafield><datafield ind2="1" ind1="0" tag="331"><subfield code="a">LabVIEW-Programmierung eines Lock-in-basierten Messaufbaus zur Charakterisierung der Frequenzmischung von magnetischen Nanopartikeln</subfield></datafield><datafield ind2=" " ind1="0" tag="359"><subfield code="a">in Zusammenarbeit mit: Forschungszentrum Jülich/Peter Grünberg Institut ; Institute of Complex Systems (PGI-8/ICS-8) (Dr. Hans-Joachim Krause)</subfield></datafield><datafield ind2=" " ind1="0" tag="425"><subfield code="a">2014</subfield></datafield><datafield ind2="1" ind1="0" tag="519"><subfield code="a">Aachen, FH, Bachelorarbeit, 2014</subfield></datafield></record>