<record format="MarcXchange" type="Bibliographic"><leader>00000     2200000   000 </leader><controlfield tag="001">467054</controlfield><controlfield tag="002">27.11.2013</controlfield><datafield ind2="1" ind1="0" tag="014"><subfield code="a">61 EU 13/14-03B</subfield></datafield><datafield ind2="1" ind1="0" tag="015"><subfield code="a">ger</subfield></datafield><datafield ind2="1" ind1="0" tag="029"><subfield code="a">06</subfield></datafield><datafield ind2="1" ind1="0" tag="100"><subfield code="a">Krüll, Martin</subfield></datafield><datafield ind2="1" ind1="0" tag="101"><subfield code="a">Schwarzer, Klemens [Betreuer]</subfield></datafield><datafield ind2="1" ind1="0" tag="331"><subfield code="a">Kelinwasserkraft in Prignitzer Fließgewässern</subfield></datafield><datafield ind2=" " ind1="0" tag="425"><subfield code="a">2013</subfield></datafield><datafield ind2="1" ind1="0" tag="519"><subfield code="a">Aachen, FH, Bachelorarbeit, 2013</subfield></datafield></record>