<record format="MarcXchange" type="Bibliographic"><leader>00000     2200000   000 </leader><controlfield tag="001">460089</controlfield><controlfield tag="002">23.10.2013</controlfield><controlfield tag="003">23.10.2013</controlfield><datafield ind2="1" ind1="0" tag="014"><subfield code="a">61 BMT 13-40M</subfield></datafield><datafield ind2="1" ind1="0" tag="015"><subfield code="a">ger</subfield></datafield><datafield ind2="1" ind1="0" tag="029"><subfield code="a">06</subfield></datafield><datafield ind2="1" ind1="0" tag="100"><subfield code="a">Krumbe, Christoph</subfield></datafield><datafield ind2="1" ind1="0" tag="101"><subfield code="a">Schöning, Michael [Betreuer]</subfield></datafield><datafield ind2="1" ind1="0" tag="331"><subfield code="a">Optimierung der Einschlussimmobilisierung von E. coli auf lichtadressierbaren potentiometrischen Sensoren (LAPS) und Charakterisierung der metabolischen Eigenschaften</subfield></datafield><datafield ind2=" " ind1="0" tag="425"><subfield code="a">2013</subfield></datafield><datafield ind2="1" ind1="0" tag="519"><subfield code="a">Aachen, FH, Masterarbeit, 2013</subfield></datafield></record>