<record format="MarcXchange" type="Bibliographic"><leader>00000     2200000   000 </leader><controlfield tag="001">272739</controlfield><controlfield tag="002">28.07.2010</controlfield><datafield ind2="1" ind1="0" tag="014"><subfield code="a">61 C 10-16B</subfield></datafield><datafield ind2="1" ind1="0" tag="015"><subfield code="a">ger</subfield></datafield><datafield ind2="1" ind1="0" tag="029"><subfield code="a">06</subfield></datafield><datafield ind2="1" ind1="0" tag="100"><subfield code="a">Kuckertz, Heike</subfield></datafield><datafield ind2="1" ind1="0" tag="101"><subfield code="a">Schmich, Peter [Betreuer]</subfield></datafield><datafield ind2="1" ind1="0" tag="331"><subfield code="a">Entwicklung einer gaschromatographischen Methode zur komponentenspezifischen 15N/14N-Analyse von Aminosäuren</subfield></datafield><datafield ind2=" " ind1="0" tag="359"><subfield code="a">in Zusammenarbeit mit: Deutsche Sporthochschule Köln/Institut für Biochemie (Dr. Hülsemann)</subfield></datafield><datafield ind2=" " ind1="0" tag="425"><subfield code="a">2010</subfield></datafield><datafield ind2="1" ind1="0" tag="519"><subfield code="a">Aachen, FH, Bachelorarbeit, 2010</subfield></datafield></record>