<record format="MarcXchange" type="Bibliographic"><leader>00000     2200000   000 </leader><controlfield tag="001">381421</controlfield><controlfield tag="002">16.07.2012</controlfield><datafield ind2="1" ind1="0" tag="014"><subfield code="a">61 C 12-04B</subfield></datafield><datafield ind2="1" ind1="0" tag="015"><subfield code="a">ger</subfield></datafield><datafield ind2="1" ind1="0" tag="029"><subfield code="a">06</subfield></datafield><datafield ind2="1" ind1="0" tag="100"><subfield code="a">Kuhlmann, Julia</subfield></datafield><datafield ind2="1" ind1="0" tag="101"><subfield code="a">Schmich, Peter [Betreuer]</subfield></datafield><datafield ind2="1" ind1="0" tag="331"><subfield code="a">Isolierung und Quantifizierung von Cerebrosiden aus Milchpulver</subfield></datafield><datafield ind2=" " ind1="0" tag="359"><subfield code="a">in Zusammenarbeit mit: Fa. Spectral Service AG, Köln (Dr. Bernd W. K. Diehl)</subfield></datafield><datafield ind2=" " ind1="0" tag="425"><subfield code="a">2012</subfield></datafield><datafield ind2="1" ind1="0" tag="519"><subfield code="a">Aachen, FH, Bachelorarbeit, 2012</subfield></datafield></record>