<record format="MarcXchange" type="Bibliographic"><leader>00000     2200000   000 </leader><controlfield tag="001">277276</controlfield><controlfield tag="002">14.09.2010</controlfield><controlfield tag="003">29.04.2014</controlfield><datafield ind2="1" ind1="0" tag="014"><subfield code="a">61 C 10-24B</subfield></datafield><datafield ind2="1" ind1="0" tag="015"><subfield code="a">ger</subfield></datafield><datafield ind2="1" ind1="0" tag="029"><subfield code="a">06</subfield></datafield><datafield ind2="1" ind1="0" tag="100"><subfield code="a">Kuhtz, Benjamin</subfield></datafield><datafield ind2="1" ind1="0" tag="101"><subfield code="a">Prielmeier, Franz [Betreuer]</subfield></datafield><datafield ind2="1" ind1="0" tag="331"><subfield code="a">Grundlagen der außenstromlosen Abscheidung von ternären Nickel-Phosphor-Wolfram Legierungsschichten aus sauren Elektrolyten</subfield></datafield><datafield ind2=" " ind1="0" tag="359"><subfield code="a">in Zusammenarbeit mit: AHC Oberflächentechnik GmbH, Kerpen (Dr. Uwe Weis)</subfield></datafield><datafield ind2=" " ind1="0" tag="425"><subfield code="a">2010</subfield></datafield><datafield ind2="1" ind1="0" tag="519"><subfield code="a">Aachen, FH, Bachelorarbeit, 2010</subfield></datafield><datafield ind2="1" ind1="0" tag="600"><subfield code="a">freigegeben 1404</subfield></datafield></record>