<record format="MarcXchange" type="Bibliographic"><leader>00000     2200000   000 </leader><controlfield tag="001">288480</controlfield><controlfield tag="002">26.04.2011</controlfield><controlfield tag="003">24.07.2012</controlfield><datafield ind2="1" ind1="0" tag="014"><subfield code="a">61 KT 10/11-33</subfield></datafield><datafield ind2="1" ind1="0" tag="015"><subfield code="a">ger</subfield></datafield><datafield ind2="1" ind1="0" tag="029"><subfield code="a">06</subfield></datafield><datafield ind2="1" ind1="0" tag="100"><subfield code="a">Künzel, Stephan</subfield></datafield><datafield ind2="1" ind1="0" tag="101"><subfield code="a">Wählisch, Georg [Betreuer]</subfield></datafield><datafield ind2="1" ind1="0" tag="331"><subfield code="a">Erarbeitung eines Ersatzes für eine bestehende Plasma-/Autogenbrennschneidanlage</subfield></datafield><datafield ind2=" " ind1="0" tag="359"><subfield code="a">in Zusammenarbeit mit: Kernkraftwerke Gundremmingen GmbH (Dipl.-Ing. Jürgen Bruder)</subfield></datafield><datafield ind2=" " ind1="0" tag="425"><subfield code="a">2010</subfield></datafield><datafield ind2="1" ind1="0" tag="519"><subfield code="a">Aachen, FH, Diplomarbeit, 2011</subfield></datafield></record>