<record format="MarcXchange" type="Bibliographic"><leader>00000     2200000   000 </leader><controlfield tag="001">272257</controlfield><controlfield tag="002">14.07.2010</controlfield><datafield ind2="1" ind1="0" tag="014"><subfield code="a">61 P 10-30B</subfield></datafield><datafield ind2="1" ind1="0" tag="015"><subfield code="a">ger</subfield></datafield><datafield ind2="1" ind1="0" tag="029"><subfield code="a">06</subfield></datafield><datafield ind2="1" ind1="0" tag="100"><subfield code="a">Küppers, Bastian</subfield></datafield><datafield ind2="1" ind1="0" tag="101"><subfield code="a">Terstegge, Andreas [Betreuer]</subfield></datafield><datafield ind2="1" ind1="0" tag="331"><subfield code="a">Erweiterung einer hybrid-genetischen Optimierungsumgebung um Module zur heuristischen Lösung kombinatorischer Optimierungsprobleme</subfield></datafield><datafield ind2=" " ind1="0" tag="425"><subfield code="a">2010</subfield></datafield><datafield ind2="1" ind1="0" tag="519"><subfield code="a">Aachen, FH, Bachelorarbeit, 2010</subfield></datafield><datafield ind2="1" ind1="0" tag="600"><subfield code="a">für immer unter Verschluss</subfield></datafield></record>