<record format="MarcXchange" type="Bibliographic"><leader>00000     2200000   000 </leader><controlfield tag="001">450687</controlfield><controlfield tag="002">15.10.2013</controlfield><datafield ind2="1" ind1="0" tag="014"><subfield code="a">61 EU 13-19B</subfield></datafield><datafield ind2="1" ind1="0" tag="015"><subfield code="a">ger</subfield></datafield><datafield ind2="1" ind1="0" tag="029"><subfield code="a">06</subfield></datafield><datafield ind2="1" ind1="0" tag="100"><subfield code="a">Küster, Alexander</subfield></datafield><datafield ind2="1" ind1="0" tag="101"><subfield code="a">Brüssermann, Klaus [Betreuer]</subfield></datafield><datafield ind2="1" ind1="0" tag="331"><subfield code="a">PUDO - Last Mile Konzept zur  Automatisation des Paketflusses unter besonderer Berücksichtigung demographischer und umweltpolitischer Aspekte</subfield></datafield><datafield ind2="1" ind1="0" tag="341"><subfield code="a">PUDO - Last Mile concept to automatise the parcel flow with particular reference to demographical and eco-political aspects</subfield></datafield><datafield ind2=" " ind1="0" tag="359"><subfield code="a">in Zusammenarbeit mit: CEO certaswiss GmbH (Claus Fischer)</subfield></datafield><datafield ind2=" " ind1="0" tag="425"><subfield code="a">2013</subfield></datafield><datafield ind2="1" ind1="0" tag="519"><subfield code="a">Aachen, FH, Bachelorarbeit, 2013</subfield></datafield><datafield ind2="1" ind1="0" tag="600"><subfield code="a">für immer unter Verschluss</subfield></datafield></record>