<record format="MarcXchange" type="Bibliographic"><leader>00000     2200000   000 </leader><controlfield tag="001">460005</controlfield><controlfield tag="002">22.10.2013</controlfield><controlfield tag="003">22.10.2013</controlfield><datafield ind2="1" ind1="0" tag="014"><subfield code="a">61 EU 13-22M</subfield></datafield><datafield ind2="1" ind1="0" tag="015"><subfield code="a">eng</subfield></datafield><datafield ind2="1" ind1="0" tag="029"><subfield code="a">06</subfield></datafield><datafield ind2="1" ind1="0" tag="100"><subfield code="a">Kuvarakul, Thachatat</subfield></datafield><datafield ind2="1" ind1="0" tag="101"><subfield code="a">Kuperjans, Isabel [Betreuer]</subfield></datafield><datafield ind2="1" ind1="0" tag="331"><subfield code="a">Development of a sustainable industrial energy system concept</subfield></datafield><datafield ind2="1" ind1="0" tag="335"><subfield code="a">Investigation on the roles of renewable energy technology, energy storage, and process optimization in an energy system of electricity intensive industry</subfield></datafield><datafield ind2=" " ind1="0" tag="425"><subfield code="a">2013</subfield></datafield><datafield ind2="1" ind1="0" tag="519"><subfield code="a">Aachen, FH, Masterarbeit, 2013</subfield></datafield></record>