<record format="MarcXchange" type="Bibliographic"><leader>00000     2200000   000 </leader><controlfield tag="001">262801</controlfield><controlfield tag="002">26.02.2010</controlfield><controlfield tag="003">26.02.2010</controlfield><datafield ind2="1" ind1="0" tag="014"><subfield code="a">61 C 09/10-23</subfield></datafield><datafield ind2="1" ind1="0" tag="015"><subfield code="a">ger</subfield></datafield><datafield ind2="1" ind1="0" tag="029"><subfield code="a">06</subfield></datafield><datafield ind2="1" ind1="0" tag="100"><subfield code="a">Kwee, Juan</subfield></datafield><datafield ind2="1" ind1="0" tag="101"><subfield code="a">Prielmeier, Franz [Betreuer]</subfield></datafield><datafield ind2="1" ind1="0" tag="331"><subfield code="a">Ermittlung der prozessspezifischen Materialkennwerte zur Simulation der mechanischen Eigenschaften von streckblasgeformten PET-Flaschen</subfield></datafield><datafield ind2=" " ind1="0" tag="359"><subfield code="a">in Zusammenarbeit mit: Institut für Kunststoffverarbeitung (IKV), Aachen (Dipl.-Wirt.Ing. Thorsten Leopold)</subfield></datafield><datafield ind2=" " ind1="0" tag="425"><subfield code="a">2009</subfield></datafield><datafield ind2="1" ind1="0" tag="519"><subfield code="a">Aachen, FH, Diplomarbeit, 2009</subfield></datafield></record>