<record format="MarcXchange" type="Bibliographic"><leader>00000     2200000   000 </leader><controlfield tag="001">169728</controlfield><controlfield tag="002">23.03.1999</controlfield><controlfield tag="003">28.08.2007</controlfield><datafield ind2="1" ind1="9" tag="905"><subfield code="a">99/0001253</subfield></datafield><datafield ind2="1" ind1="9" tag="909"><subfield code="a">HBZ</subfield></datafield><datafield ind2="1" ind1="0" tag="010"><subfield code="a">HT009726598</subfield></datafield><datafield ind2="1" ind1="0" tag="011"><subfield code="a">LL006785320</subfield></datafield><datafield ind2="1" ind1="0" tag="014"><subfield code="a">61 VYW 140</subfield></datafield><datafield ind2="1" ind1="0" tag="015"><subfield code="a">ger</subfield></datafield><datafield ind2=" " ind1="0" tag="027"><subfield code="a">V</subfield></datafield><datafield ind2="1" ind1="0" tag="030"><subfield code="a">01-00006</subfield></datafield><datafield ind2="1" ind1="0" tag="031"><subfield code="a">BB6-99/0000255</subfield></datafield><datafield ind2="1" ind1="0" tag="032"><subfield code="a">JÜL</subfield></datafield><datafield ind2="1" ind1="0" tag="035"><subfield code="a">DE</subfield></datafield><datafield ind2=" " ind1="0" tag="036"><subfield code="a">m</subfield></datafield><datafield ind2=" " ind1="0" tag="038"><subfield code="a">y</subfield></datafield><datafield ind2="1" ind1="0" tag="100"><subfield code="a">Lahann, Jörg</subfield></datafield><datafield ind2="1" ind1="0" tag="331"><subfield code="a">Verfahren zur Ausrüstung von Metallimplantaten mit bioaktiven Oberflächen</subfield></datafield><datafield ind2=" " ind1="0" tag="359"><subfield code="a">Jörg Lahann</subfield></datafield><datafield ind2=" " ind1="0" tag="403"><subfield code="a">Als Ms. gedr.</subfield></datafield><datafield ind2="1" ind1="0" tag="410"><subfield code="a">Aachen</subfield></datafield><datafield ind2="1" ind1="0" tag="412"><subfield code="a">Shaker</subfield></datafield><datafield ind2=" " ind1="0" tag="425"><subfield code="a">1998</subfield></datafield><datafield ind2="1" ind1="0" tag="433"><subfield code="a">XVIII, 210 S. : Ill., graph. Darst.</subfield></datafield><datafield ind2="1" ind1="0" tag="451"><subfield code="a">Berichte aus der Chemie</subfield></datafield><datafield ind2="1" ind1="0" tag="519"><subfield code="a">Zugl.: Aachen, Techn. Hochsch., Diss., 1998</subfield></datafield><datafield ind2="1" ind1="0" tag="540"><subfield code="a">3-8265-4496-X</subfield></datafield><datafield ind2="1" ind1="0" tag="542"><subfield code="a">Pb. : DM 98.00, sfr 98.00, S 689.00</subfield></datafield><datafield ind2="1" ind1="0" tag="600"><subfield code="a">neu9904</subfield></datafield><datafield ind2="1" ind1="0" tag="606"><subfield code="a">Br/th</subfield></datafield><datafield ind2="1" ind1="0" tag="700"><subfield code="a">VYW</subfield></datafield><datafield ind2=" " ind1="0" tag="800"><subfield code="a">a</subfield></datafield><datafield ind2="1" ind1="0" tag="902"><subfield code="a">Metallimplantat</subfield></datafield><datafield ind2="2" ind1="0" tag="902"><subfield code="a">Metalloberfläche</subfield></datafield><datafield ind2="3" ind1="0" tag="902"><subfield code="a">Paracyclophane</subfield></datafield><datafield ind2="4" ind1="0" tag="902"><subfield code="a">CVD-Verfahren</subfield></datafield><datafield ind2="1" ind1="0" tag="907"><subfield code="a">Hirudin</subfield></datafield><datafield ind2="2" ind1="0" tag="907"><subfield code="a">Immobilisierung</subfield></datafield><datafield ind2="3" ind1="0" tag="907"><subfield code="a">Metalloberfläche</subfield></datafield><datafield ind2="4" ind1="0" tag="907"><subfield code="a">Dünne Schicht</subfield></datafield><datafield ind2="5" ind1="0" tag="907"><subfield code="a">Paracyclophane</subfield></datafield><datafield ind2="6" ind1="0" tag="907"><subfield code="a">Metallimplantat</subfield></datafield><datafield ind2="1" ind1="0" tag="912"><subfield code="a">Fibronectin</subfield></datafield><datafield ind2="2" ind1="0" tag="912"><subfield code="a">Immobilisierung</subfield></datafield><datafield ind2="3" ind1="0" tag="912"><subfield code="a">Metalloberfläche</subfield></datafield><datafield ind2="4" ind1="0" tag="912"><subfield code="a">Dünne Schicht</subfield></datafield><datafield ind2="5" ind1="0" tag="912"><subfield code="a">Paracyclophane</subfield></datafield><datafield ind2="6" ind1="0" tag="912"><subfield code="a">Metallimplantat</subfield></datafield><datafield ind2="1" ind1="1" tag="024"><subfield code="a">a|a|||||||||||</subfield></datafield><datafield ind2="2" ind1="1" tag="024"><subfield code="a">a|a||||||||</subfield></datafield><datafield ind2="1" ind1="1" tag="672"><subfield code="a">Aachen</subfield></datafield></record>