<record format="MarcXchange" type="Bibliographic"><leader>00000     2200000   000 </leader><controlfield tag="001">463379</controlfield><controlfield tag="002">13.11.2013</controlfield><controlfield tag="003">15.11.2013</controlfield><datafield ind2="1" ind1="0" tag="014"><subfield code="a">61 BMT 13-83B</subfield></datafield><datafield ind2="1" ind1="0" tag="015"><subfield code="a">ger</subfield></datafield><datafield ind2="1" ind1="0" tag="029"><subfield code="a">06</subfield></datafield><datafield ind2="1" ind1="0" tag="100"><subfield code="a">Lanfermann, Andrea</subfield></datafield><datafield ind2="1" ind1="0" tag="101"><subfield code="a">Artmann, Aysegül [Betreuer]</subfield></datafield><datafield ind2="1" ind1="0" tag="331"><subfield code="a">Immobilisierung von Reduktasen</subfield></datafield><datafield ind2=" " ind1="0" tag="359"><subfield code="a">in Zusammenarbeit mit: Heinrich-Heine-Universität im Forschungszentrum Jülich/Institut für Molekulare Enzymtechnologie (Prof. Dr. Werner Hummel)</subfield></datafield><datafield ind2=" " ind1="0" tag="425"><subfield code="a">2013</subfield></datafield><datafield ind2="1" ind1="0" tag="519"><subfield code="a">Aachen, FH, Bachelorarbeit, 2013</subfield></datafield></record>