<record format="MarcXchange" type="Bibliographic"><leader>00000     2200000   000 </leader><controlfield tag="001">248819</controlfield><controlfield tag="002">04.03.2009</controlfield><controlfield tag="003">04.03.2009</controlfield><datafield ind2="1" ind1="0" tag="014"><subfield code="a">61 P 08/09-34B</subfield></datafield><datafield ind2="1" ind1="0" tag="015"><subfield code="a">ger</subfield></datafield><datafield ind2="1" ind1="0" tag="029"><subfield code="a">06</subfield></datafield><datafield ind2="1" ind1="0" tag="100"><subfield code="a">Langenhorst, Daniel</subfield></datafield><datafield ind2="1" ind1="0" tag="101"><subfield code="a">Hoffmann, Jobst [Betreuer]</subfield></datafield><datafield ind2="1" ind1="0" tag="331"><subfield code="a">Automatische Optimierung der Threadanzahl und des Schleifenscheduling von parallelen Regionen in OpenMP Programmen</subfield></datafield><datafield ind2=" " ind1="0" tag="359"><subfield code="a">in  Zusammenarbeit mit: RWTH Aachen/Rechen- und Kommunikationszentrum (Dipl.-Math. Dieter an Mey)</subfield></datafield><datafield ind2=" " ind1="0" tag="425"><subfield code="a">2008</subfield></datafield><datafield ind2="1" ind1="0" tag="519"><subfield code="a">Aachen, FH, Bachelorarbeit, 2008</subfield></datafield></record>