<record format="MarcXchange" type="Bibliographic"><leader>00000     2200000   000 </leader><controlfield tag="001">255185</controlfield><controlfield tag="002">28.07.2009</controlfield><controlfield tag="003">28.07.2009</controlfield><datafield ind2="1" ind1="0" tag="014"><subfield code="a">61 C 09-20</subfield></datafield><datafield ind2="1" ind1="0" tag="015"><subfield code="a">eng</subfield></datafield><datafield ind2="1" ind1="0" tag="029"><subfield code="a">06</subfield></datafield><datafield ind2="1" ind1="0" tag="100"><subfield code="a">Lanzrath, Bastian</subfield></datafield><datafield ind2="1" ind1="0" tag="101"><subfield code="a">Baumann, Marcus [Betreuer]</subfield></datafield><datafield ind2="1" ind1="0" tag="331"><subfield code="a">Etablierung eines ELIA-Protokolls zum Nachweis von Aflatoxin M1 in Milch für den Transfer in einen mikrofluidischen Nanobiosensor</subfield></datafield><datafield ind2="1" ind1="0" tag="341"><subfield code="a">Establishment of an Enzyme Linked Immunosorbent Assay (ELISA) Protocol for the Detection of Aflatoxin M1 in Milk and its Transfer to a microfluidic Nanobiosensor</subfield></datafield><datafield ind2=" " ind1="0" tag="359"><subfield code="a">in Zusammenarbeit mit: Technologie Transferzentrum Bremerhaven, e.V. (ttz Bremerhaven) (Dr. Hauke Hilz)</subfield></datafield><datafield ind2=" " ind1="0" tag="425"><subfield code="a">2009</subfield></datafield><datafield ind2="1" ind1="0" tag="519"><subfield code="a">Aachen, FH, Diplomarbeit, 2009</subfield></datafield></record>