<record format="MarcXchange" type="Bibliographic"><leader>00000     2200000   000 </leader><controlfield tag="001">263321</controlfield><controlfield tag="002">10.03.2010</controlfield><controlfield tag="003">10.03.2010</controlfield><datafield ind2="1" ind1="0" tag="014"><subfield code="a">61 BMT 09/10-43</subfield></datafield><datafield ind2="1" ind1="0" tag="015"><subfield code="a">ger</subfield></datafield><datafield ind2="1" ind1="0" tag="029"><subfield code="a">06</subfield></datafield><datafield ind2="1" ind1="0" tag="100"><subfield code="a">Larhrib, Hassan</subfield></datafield><datafield ind2="1" ind1="0" tag="101"><subfield code="a">Herzog, Hans [Betreuer]</subfield></datafield><datafield ind2="1" ind1="0" tag="331"><subfield code="a">Aufbau eines Teststandes zur Charakterisierung von Bewegungsartefakten bei der kapazitiven EKG-Messung</subfield></datafield><datafield ind2=" " ind1="0" tag="359"><subfield code="a">in Zusammenarbeit mit: RWTH Aachen/Lehrstuhl für medizinische Informationstechnik im Helmholtz-Institut für biomedizinische Technik (Univ. Prof. Dr.-Ing. Dr. med. Steffen Leonhardt)</subfield></datafield><datafield ind2=" " ind1="0" tag="425"><subfield code="a">2009</subfield></datafield><datafield ind2="1" ind1="0" tag="519"><subfield code="a">Aachen, FH, Diplomarbeit, 2009</subfield></datafield></record>