<record format="MarcXchange" type="Bibliographic"><leader>00000     2200000   000 </leader><controlfield tag="001">124370</controlfield><controlfield tag="002">11.11.1994</controlfield><controlfield tag="003">21.10.2008</controlfield><datafield ind2="1" ind1="9" tag="904"><subfield code="a">145238</subfield></datafield><datafield ind2="1" ind1="9" tag="905"><subfield code="a">94/0005447</subfield></datafield><datafield ind2="1" ind1="9" tag="909"><subfield code="a">HBZ</subfield></datafield><datafield ind2="1" ind1="0" tag="010"><subfield code="a">HT003906616</subfield></datafield><datafield ind2="1" ind1="0" tag="011"><subfield code="a">LL003395926</subfield></datafield><datafield ind2="1" ind1="0" tag="014"><subfield code="a">61 XRW 83-9</subfield></datafield><datafield ind2=" " ind1="0" tag="027"><subfield code="a">V</subfield></datafield><datafield ind2=" " ind1="0" tag="036"><subfield code="a">s</subfield></datafield><datafield ind2=" " ind1="0" tag="038"><subfield code="a">y</subfield></datafield><datafield ind2="1" ind1="0" tag="100"><subfield code="a">Lauffs, Hans-Georg</subfield></datafield><datafield ind2="1" ind1="0" tag="331"><subfield code="a">Bediengeräte zur 3D-Bewegungsführung</subfield></datafield><datafield ind2="1" ind1="0" tag="335"><subfield code="a">ein Beitrag zur effizienten Roboterprogrammierung</subfield></datafield><datafield ind2=" " ind1="0" tag="359"><subfield code="a">Hans-Georg Lauffs</subfield></datafield><datafield ind2="1" ind1="0" tag="410"><subfield code="a">Braunschweig</subfield></datafield><datafield ind2="1" ind1="0" tag="412"><subfield code="a">Vieweg</subfield></datafield><datafield ind2=" " ind1="0" tag="425"><subfield code="a">1991</subfield></datafield><datafield ind2="1" ind1="0" tag="433"><subfield code="a">IX, 114 S. : Ill., graph. Darst.</subfield></datafield><datafield ind2="1" ind1="0" tag="451"><subfield code="a">Fortschritte der Robotik ; 9</subfield></datafield><datafield ind2="1" ind1="0" tag="453"><subfield code="a">HT003326031</subfield></datafield><datafield ind2="1" ind1="0" tag="455"><subfield code="a">9</subfield></datafield><datafield ind2="1" ind1="0" tag="519"><subfield code="a">Zugl.: Aachen, Techn. Hochsch., Diss., 1991 u.d.T.: Lauffs, Hans-Georg: Ergonomische Bediengeräte zur dreidimensionalen Bewegungsführung</subfield></datafield><datafield ind2="1" ind1="0" tag="540"><subfield code="a">3-528-06439-0</subfield></datafield><datafield ind2="1" ind1="0" tag="606"><subfield code="a">Bd</subfield></datafield><datafield ind2="1" ind1="0" tag="700"><subfield code="a">XRW</subfield></datafield><datafield ind2=" " ind1="0" tag="800"><subfield code="a">a</subfield></datafield><datafield ind2="1" ind1="0" tag="902"><subfield code="a">Bedienteil</subfield></datafield><datafield ind2="2" ind1="0" tag="902"><subfield code="a">Ergonomie</subfield></datafield><datafield ind2="3" ind1="0" tag="902"><subfield code="a">Teach-in-Methode</subfield></datafield><datafield ind2="1" ind1="0" tag="903"><subfield code="a">213;321</subfield></datafield><datafield ind2="1" ind1="1" tag="024"><subfield code="a">a|a|||||||||||</subfield></datafield><datafield ind2="2" ind1="1" tag="024"><subfield code="a">a|a||||||||</subfield></datafield><datafield ind2="1" ind1="1" tag="672"><subfield code="a">Aachen</subfield></datafield></record>