<record format="MarcXchange" type="Bibliographic"><leader>00000     2200000   000 </leader><controlfield tag="001">263289</controlfield><controlfield tag="002">09.03.2010</controlfield><datafield ind2="1" ind1="0" tag="014"><subfield code="a">61 EU 09/10-21</subfield></datafield><datafield ind2="1" ind1="0" tag="015"><subfield code="a">ger</subfield></datafield><datafield ind2="1" ind1="0" tag="029"><subfield code="a">06</subfield></datafield><datafield ind2="1" ind1="0" tag="100"><subfield code="a">Leiker, Alexander</subfield></datafield><datafield ind2="1" ind1="0" tag="101"><subfield code="a">Helsper, Christoph [Betreuer]</subfield></datafield><datafield ind2="1" ind1="0" tag="331"><subfield code="a">Nutzung der Kraft-Wärme-Kopplung in der Thermoprozesstechnik</subfield></datafield><datafield ind2="1" ind1="0" tag="335"><subfield code="a">Einsatzmöglichkeiten von BHKWs mit Stirlingmotoren unter verfahrenstechnischen und wirtschaftlichen Gesichtspunkten</subfield></datafield><datafield ind2=" " ind1="0" tag="425"><subfield code="a">2009</subfield></datafield><datafield ind2="1" ind1="0" tag="519"><subfield code="a">Aachen, FH, Diplomarbeit, 2009</subfield></datafield></record>