<record format="MarcXchange" type="Bibliographic"><leader>00000     2200000   000 </leader><controlfield tag="001">260634</controlfield><controlfield tag="002">23.12.2009</controlfield><controlfield tag="003">23.12.2009</controlfield><datafield ind2="1" ind1="0" tag="014"><subfield code="a">61 P 09-120</subfield></datafield><datafield ind2="1" ind1="0" tag="015"><subfield code="a">ger</subfield></datafield><datafield ind2="1" ind1="0" tag="029"><subfield code="a">06</subfield></datafield><datafield ind2="1" ind1="0" tag="100"><subfield code="a">Leis, Oliver</subfield></datafield><datafield ind2="1" ind1="0" tag="101"><subfield code="a">Rateike, Franz-Matthias</subfield></datafield><datafield ind2="1" ind1="0" tag="331"><subfield code="a">Aufbau eines konfokalen Einzelmoleküldetektors mit integrierter optischer Pinzette</subfield></datafield><datafield ind2=" " ind1="0" tag="359"><subfield code="a">in Zusammnenarbeit mit: Fraunhofer-Institut für Lasertechnik Aachen (Dr. rer. nat. Achim Lenenbach)</subfield></datafield><datafield ind2=" " ind1="0" tag="425"><subfield code="a">2009</subfield></datafield><datafield ind2="1" ind1="0" tag="519"><subfield code="a">Aachen, FH, Diplomabeit, 2009</subfield></datafield><datafield ind2="1" ind1="0" tag="600"><subfield code="a">unter Verschluss bis 2014</subfield></datafield></record>