<record format="MarcXchange" type="Bibliographic"><leader>00000     2200000   000 </leader><controlfield tag="001">410703</controlfield><controlfield tag="002">05.02.2013</controlfield><datafield ind2="1" ind1="0" tag="014"><subfield code="a">61 EU 12/13-08B</subfield></datafield><datafield ind2="1" ind1="0" tag="015"><subfield code="a">ger</subfield></datafield><datafield ind2="1" ind1="0" tag="029"><subfield code="a">06</subfield></datafield><datafield ind2="1" ind1="0" tag="100"><subfield code="a">Lequis, Christina</subfield></datafield><datafield ind2="1" ind1="0" tag="101"><subfield code="a">Lauter, Herbert [Betreuer]</subfield></datafield><datafield ind2="1" ind1="0" tag="331"><subfield code="a">Untersuchungen zur Integration eines neuartigen Kegel-Ring-Getriebes in einen Serien-PKW</subfield></datafield><datafield ind2=" " ind1="0" tag="359"><subfield code="a">in Zusammenarbeit mit: Gesellschaft für Industrieforschung mbH (GIF), Alsdorf (Dr.-Ing. H.-D. Schneider)</subfield></datafield><datafield ind2=" " ind1="0" tag="425"><subfield code="a">2012</subfield></datafield><datafield ind2="1" ind1="0" tag="519"><subfield code="a">Aachen, FH, Bachelorarbeit, 2013</subfield></datafield><datafield ind2="1" ind1="0" tag="600"><subfield code="a">für immer unter Verschluss</subfield></datafield></record>