<record format="MarcXchange" type="Bibliographic"><leader>00000     2200000   000 </leader><controlfield tag="001">486718</controlfield><controlfield tag="002">04.04.2014</controlfield><controlfield tag="003">04.04.2014</controlfield><datafield ind2="1" ind1="0" tag="014"><subfield code="a">61 KT 13/14-46M</subfield></datafield><datafield ind2="1" ind1="0" tag="015"><subfield code="a">eng</subfield></datafield><datafield ind2="1" ind1="0" tag="029"><subfield code="a">06</subfield></datafield><datafield ind2="1" ind1="0" tag="100"><subfield code="a">Lichte, Elena</subfield></datafield><datafield ind2="1" ind1="0" tag="101"><subfield code="a">Scherer, Ulrich [Betreuer]</subfield></datafield><datafield ind2="1" ind1="0" tag="331"><subfield code="a">The dissolution behavior of magnesium oxide based inert matrix fuel for the transmutation of plutonium and minor actinides</subfield></datafield><datafield ind2=" " ind1="0" tag="359"><subfield code="a">in Zusammenarbeit mit: Forschungszentrum Jülich GmbH/Institut of Energy and Climate Research, IEK-6. Nuclear Waste Management and Reactor Safety (Dr. rer. nat. G. Modolo)</subfield></datafield><datafield ind2=" " ind1="0" tag="425"><subfield code="a">2013</subfield></datafield><datafield ind2="1" ind1="0" tag="519"><subfield code="a">Aachen, FH, Masterarbeit, 2014</subfield></datafield></record>