<record format="MarcXchange" type="Bibliographic"><leader>00000     2200000   000 </leader><controlfield tag="001">411121</controlfield><controlfield tag="002">13.02.2013</controlfield><controlfield tag="003">13.02.2013</controlfield><datafield ind2="1" ind1="0" tag="014"><subfield code="a">61 BMT 12/13-32B</subfield></datafield><datafield ind2="1" ind1="0" tag="015"><subfield code="a">ger</subfield></datafield><datafield ind2="1" ind1="0" tag="029"><subfield code="a">06</subfield></datafield><datafield ind2="1" ind1="0" tag="100"><subfield code="a">Liermann, Daniel</subfield></datafield><datafield ind2="2" ind1="0" tag="101"><subfield code="a">Dören, Horst-Peter [Betreuer]</subfield></datafield><datafield ind2="1" ind1="0" tag="331"><subfield code="a">Erforschung eines biokompatiblen Auftraglötsystems auf AI2O3 Keramiken zur Funktionalisierung von Endoprothesen</subfield></datafield><datafield ind2=" " ind1="0" tag="359"><subfield code="a">in Zusammenarbeit mit: Rheinisch-Westfälischen Technischen Hochschule (RWTH), Aachen/Institut für Oberlächentechnik (IOT) ; Fakultät für Maschinenwesen (Dipl.-Ing. Sabrina Puidokas)</subfield></datafield><datafield ind2=" " ind1="0" tag="425"><subfield code="a">2012</subfield></datafield><datafield ind2="1" ind1="0" tag="519"><subfield code="a">Aachen, FH, Bachelorarbeit, 2013</subfield></datafield><datafield ind2="1" ind1="0" tag="600"><subfield code="a">für immer unter Verschluss</subfield></datafield></record>