<record format="MarcXchange" type="Bibliographic"><leader>00000     2200000   000 </leader><controlfield tag="001">249996</controlfield><controlfield tag="002">02.04.2009</controlfield><controlfield tag="003">02.04.2009</controlfield><datafield ind2="1" ind1="0" tag="014"><subfield code="a">61 C 09-03</subfield></datafield><datafield ind2="1" ind1="0" tag="015"><subfield code="a">ger</subfield></datafield><datafield ind2="1" ind1="0" tag="029"><subfield code="a">06</subfield></datafield><datafield ind2="1" ind1="0" tag="100"><subfield code="a">Linde, Robert</subfield></datafield><datafield ind2="1" ind1="0" tag="101"><subfield code="a">Dieckhoff, Josef [Betreuer]</subfield></datafield><datafield ind2="1" ind1="0" tag="331"><subfield code="a">Studien zur Interaktion von E. coli Parvulin 10 mit Alkylhydroperoxid-Reduktase C</subfield></datafield><datafield ind2=" " ind1="0" tag="359"><subfield code="a">in Zusammenarbeit mit: Martin-Luther-Universität Halle-Wittenberg und der Max-Planck-Forschungsstelle für Enzymologie der Proteinfaltung, Halle</subfield></datafield><datafield ind2=" " ind1="0" tag="425"><subfield code="a">2009</subfield></datafield><datafield ind2="1" ind1="0" tag="519"><subfield code="a">Aachen, FH, Diplomarbeit, 2009</subfield></datafield></record>