<record format="MarcXchange" type="Bibliographic"><leader>00000     2200000   000 </leader><controlfield tag="001">259056</controlfield><controlfield tag="002">04.11.2009</controlfield><controlfield tag="003">04.11.2009</controlfield><datafield ind2="1" ind1="0" tag="014"><subfield code="a">61 C 09-51</subfield></datafield><datafield ind2="1" ind1="0" tag="015"><subfield code="a">ger</subfield></datafield><datafield ind2="1" ind1="0" tag="029"><subfield code="a">06</subfield></datafield><datafield ind2="1" ind1="0" tag="100"><subfield code="a">Linner, Veronika</subfield></datafield><datafield ind2="1" ind1="0" tag="101"><subfield code="a">Dieckhoff, Josef [Betreuer]</subfield></datafield><datafield ind2="1" ind1="0" tag="331"><subfield code="a">Charakterisierung Reportergen-tragender humaner mesenchymaler Stammzellen für das Tissue Engineering</subfield></datafield><datafield ind2=" " ind1="0" tag="359"><subfield code="a">in Zusammenarbeit mit: Chirurgischen Klinik und Poliklinik München (Dr. med. vet. Inga Drosse)</subfield></datafield><datafield ind2=" " ind1="0" tag="425"><subfield code="a">2009</subfield></datafield><datafield ind2="1" ind1="0" tag="519"><subfield code="a">Aachen, FH, Diplomarbeit, 2009</subfield></datafield></record>