<record format="MarcXchange" type="Bibliographic"><leader>00000     2200000   000 </leader><controlfield tag="001">277778</controlfield><controlfield tag="002">24.09.2010</controlfield><controlfield tag="003">24.09.2010</controlfield><datafield ind2="1" ind1="0" tag="014"><subfield code="a">61 C 10-40</subfield></datafield><datafield ind2="1" ind1="0" tag="015"><subfield code="a">ger</subfield></datafield><datafield ind2="1" ind1="0" tag="029"><subfield code="a">06</subfield></datafield><datafield ind2="1" ind1="0" tag="100"><subfield code="a">Lipperts, Anja</subfield></datafield><datafield ind2="1" ind1="0" tag="101"><subfield code="a">Selmer, Thorsten [Betreuer]</subfield></datafield><datafield ind2="1" ind1="0" tag="331"><subfield code="a">Rekombinante Produktion des Surfactant Protein D in Tabak und Optimierung der Produktion eines rekombinanten Antikörpers in einer Tabaksuspensionskultur mithilfe des fraktionellen fraktionellen Designs</subfield></datafield><datafield ind2=" " ind1="0" tag="359"><subfield code="a">in Zusammenarbeit mit: Fraunhofer IME, Aachen (Dr. Nikolay Vasilev)</subfield></datafield><datafield ind2=" " ind1="0" tag="425"><subfield code="a">2010</subfield></datafield><datafield ind2="1" ind1="0" tag="519"><subfield code="a">Aachen, FH, Diplomarbeit, 2010</subfield></datafield><datafield ind2="1" ind1="0" tag="600"><subfield code="a">für immer unter Verschluss</subfield></datafield></record>