<record format="MarcXchange" type="Bibliographic"><leader>00000     2200000   000 </leader><controlfield tag="001">258978</controlfield><controlfield tag="002">02.11.2009</controlfield><controlfield tag="003">17.09.2013</controlfield><datafield ind2="1" ind1="0" tag="014"><subfield code="a">61 BMT 09-99M</subfield></datafield><datafield ind2="1" ind1="0" tag="015"><subfield code="a">eng</subfield></datafield><datafield ind2="1" ind1="0" tag="029"><subfield code="a">06</subfield></datafield><datafield ind2="1" ind1="0" tag="100"><subfield code="a">Lou, Dandan</subfield></datafield><datafield ind2="1" ind1="0" tag="101"><subfield code="a">Artmann, Aysegül [Betreuer]</subfield></datafield><datafield ind2="1" ind1="0" tag="331"><subfield code="a">Emerging role of nitrite in proliferation and differentiation of endothelial progenitor cells</subfield></datafield><datafield ind2=" " ind1="0" tag="359"><subfield code="a">in Zusammenarbeit mit: University Hospital Aachen/Medicine Department of Cardiology, Pulmonary and Vascular Disease (Dr. Med. Tienush Rassaf)</subfield></datafield><datafield ind2=" " ind1="0" tag="425"><subfield code="a">2009</subfield></datafield><datafield ind2="1" ind1="0" tag="519"><subfield code="a">Aachen, FH, Masterarbeit, 2009</subfield></datafield></record>