<record format="MarcXchange" type="Bibliographic"><leader>00000     2200000   000 </leader><controlfield tag="001">508185</controlfield><controlfield tag="002">22.09.2014</controlfield><datafield ind2="1" ind1="0" tag="014"><subfield code="a">61 C 14-22B</subfield></datafield><datafield ind2="1" ind1="0" tag="015"><subfield code="a">ger</subfield></datafield><datafield ind2="1" ind1="0" tag="029"><subfield code="a">06</subfield></datafield><datafield ind2="1" ind1="0" tag="100"><subfield code="a">Lübcke, Marvin</subfield></datafield><datafield ind2="1" ind1="0" tag="101"><subfield code="a">Rath, Walter [Betreuer]</subfield></datafield><datafield ind2="1" ind1="0" tag="331"><subfield code="a">Versuche zur Synthese 1,3-Diborylierter Propene</subfield></datafield><datafield ind2=" " ind1="0" tag="359"><subfield code="a">in Zusammenarbeit mit: Heinrich-Heine-Universität Düsseldorf im Forschungszentrum Jülich/Institut für Bioorganische Chemie (Dipl.-Chem. Dietrich Böse)</subfield></datafield><datafield ind2=" " ind1="0" tag="425"><subfield code="a">2014</subfield></datafield><datafield ind2="1" ind1="0" tag="519"><subfield code="a">Aachen, FH, Bachelorarbeit, 2014</subfield></datafield></record>