<record format="MarcXchange" type="Bibliographic"><leader>00000     2200000   000 </leader><controlfield tag="001">473263</controlfield><controlfield tag="002">16.01.2014</controlfield><datafield ind2="1" ind1="0" tag="014"><subfield code="a">61 ET 13/14-09B</subfield></datafield><datafield ind2="1" ind1="0" tag="015"><subfield code="a">eng</subfield></datafield><datafield ind2="1" ind1="0" tag="029"><subfield code="a">06</subfield></datafield><datafield ind2="1" ind1="0" tag="100"><subfield code="a">Ma, Yan</subfield></datafield><datafield ind2="1" ind1="0" tag="101"><subfield code="a">Ackermann, Hans-Josef [Betreuer]</subfield></datafield><datafield ind2="1" ind1="0" tag="331"><subfield code="a">Design and Realization of a Portable USB Charger Device</subfield></datafield><datafield ind2=" " ind1="0" tag="425"><subfield code="a">2013</subfield></datafield><datafield ind2="1" ind1="0" tag="519"><subfield code="a">Aachen, FH, Bachelorarbeit, 2014</subfield></datafield></record>