<record format="MarcXchange" type="Bibliographic"><leader>00000     2200000   000 </leader><controlfield tag="001">406948</controlfield><controlfield tag="002">08.01.2013</controlfield><controlfield tag="003">08.01.2013</controlfield><datafield ind2="1" ind1="0" tag="014"><subfield code="a">61 C 12-52B</subfield></datafield><datafield ind2="1" ind1="0" tag="015"><subfield code="a">ger</subfield></datafield><datafield ind2="1" ind1="0" tag="029"><subfield code="a">06</subfield></datafield><datafield ind2="1" ind1="0" tag="100"><subfield code="a">Maaßen, Jessika</subfield></datafield><datafield ind2="1" ind1="0" tag="101"><subfield code="a">Dieckhoff, Josef [Betreuer]</subfield></datafield><datafield ind2="1" ind1="0" tag="331"><subfield code="a">Produktion, Reinigung und Evaluierung von Varianten des Merozoiten Oberflächenproteins 9 von Plasmodium falciparum</subfield></datafield><datafield ind2=" " ind1="0" tag="359"><subfield code="a">in Zusammenarbeit mit: Fraunhofer Institut für Molekularbiologie und Angewandte Ökologie, Aachen/Abteilung Pflanzenbiotechnologie ; Gruppe Plant Biotechnology (Dr. Helga Schinkel)</subfield></datafield><datafield ind2=" " ind1="0" tag="425"><subfield code="a">2012</subfield></datafield><datafield ind2="1" ind1="0" tag="519"><subfield code="a">Aachen, FH, Bachelorarbeit, 2014</subfield></datafield><datafield ind2="1" ind1="0" tag="600"><subfield code="a">für immer unter Verschluss</subfield></datafield></record>