<record format="MarcXchange" type="Bibliographic"><leader>00000     2200000   000 </leader><controlfield tag="001">506227</controlfield><controlfield tag="002">10.09.2014</controlfield><controlfield tag="003">10.09.2014</controlfield><datafield ind2="1" ind1="0" tag="014"><subfield code="a">61 P 14-29B</subfield></datafield><datafield ind2="1" ind1="0" tag="015"><subfield code="a">ger</subfield></datafield><datafield ind2="1" ind1="0" tag="029"><subfield code="a">06</subfield></datafield><datafield ind2="1" ind1="0" tag="100"><subfield code="a">Magaß, Jörg</subfield></datafield><datafield ind2="1" ind1="0" tag="101"><subfield code="a">Terstegge, Andreas [Betreuer]</subfield></datafield><datafield ind2="1" ind1="0" tag="331"><subfield code="a">Sicherheitskonzept eines SAP-Notfallbenutzers</subfield></datafield><datafield ind2=" " ind1="0" tag="359"><subfield code="a">in Zusammenarbeit mit: regio iT GmbH (Dipl.-Wirt.-Inf. (FH) Mutram Schirmer)</subfield></datafield><datafield ind2=" " ind1="0" tag="425"><subfield code="a">2014</subfield></datafield><datafield ind2="1" ind1="0" tag="519"><subfield code="a">Aachen, FH, Bachelorarbeit, 2014</subfield></datafield></record>