<record format="MarcXchange" type="Bibliographic"><leader>00000     2200000   000 </leader><controlfield tag="001">464056</controlfield><controlfield tag="002">20.11.2013</controlfield><datafield ind2="1" ind1="0" tag="014"><subfield code="a">61 BMT 13/14-05B</subfield></datafield><datafield ind2="1" ind1="0" tag="015"><subfield code="a">eng</subfield></datafield><datafield ind2="1" ind1="0" tag="029"><subfield code="a">06</subfield></datafield><datafield ind2="1" ind1="0" tag="100"><subfield code="a">Malterer, Stefan</subfield></datafield><datafield ind2="1" ind1="0" tag="101"><subfield code="a">Ziemons, Karl [Betreuer]</subfield></datafield><datafield ind2="1" ind1="0" tag="331"><subfield code="a">In vivo sodium T1 mapping of the human brain at 9.4 Tesla</subfield></datafield><datafield ind2=" " ind1="0" tag="359"><subfield code="a">in Zusammenarbeit mit: forschungszentrum Jülich/Institut für Neurowissenschaften und Medizin ; Abteilung für Physik der medizinischen Bildgebung (INM-4) (Dr. Sandro Romanzetti)</subfield></datafield><datafield ind2=" " ind1="0" tag="425"><subfield code="a">2013</subfield></datafield><datafield ind2="1" ind1="0" tag="519"><subfield code="a">Aachen, FH, Bachelorarbeit, 2013</subfield></datafield></record>