<record format="MarcXchange" type="Bibliographic"><leader>00000     2200000   000 </leader><controlfield tag="001">278884</controlfield><controlfield tag="002">27.10.2010</controlfield><controlfield tag="003">09.08.2013</controlfield><datafield ind2="1" ind1="0" tag="014"><subfield code="a">61 C 10-44B</subfield></datafield><datafield ind2="1" ind1="0" tag="015"><subfield code="a">ger</subfield></datafield><datafield ind2="1" ind1="0" tag="029"><subfield code="a">06</subfield></datafield><datafield ind2="1" ind1="0" tag="100"><subfield code="a">Mandelartz, Jacqueline</subfield></datafield><datafield ind2="1" ind1="0" tag="101"><subfield code="a">Berndt, Heinz [Betreuer]</subfield></datafield><datafield ind2="1" ind1="0" tag="331"><subfield code="a">Screening, Aufreinigung und biochemische Charakterisierung neuer Alkoholdehydrogenasen aus den Hefestämmen Candida succiphilia und Candida methanolica</subfield></datafield><datafield ind2=" " ind1="0" tag="359"><subfield code="a">in Zusammenarbeit mit: Forschungszentrum Jülich/Institut für Molekulare Enzymtechnologie der Heinrich-Heine-Universität Düsseldorf (Prof. Dr. Werner Hummel)</subfield></datafield><datafield ind2=" " ind1="0" tag="425"><subfield code="a">2010</subfield></datafield><datafield ind2="1" ind1="0" tag="519"><subfield code="a">Aachen, FH, Bachelorarbeit, 2010</subfield></datafield><datafield ind2="1" ind1="0" tag="600"><subfield code="a">freigegeben 1308</subfield></datafield></record>