<record format="MarcXchange" type="Bibliographic"><leader>00000     2200000   000 </leader><controlfield tag="001">158285</controlfield><controlfield tag="002">15.01.1998</controlfield><controlfield tag="003">29.04.2011</controlfield><datafield ind2="1" ind1="9" tag="904"><subfield code="a">158286</subfield></datafield><datafield ind2="1" ind1="9" tag="905"><subfield code="a">75/0000011</subfield></datafield><datafield ind2="1" ind1="9" tag="909"><subfield code="a">HBZ</subfield></datafield><datafield ind2="1" ind1="0" tag="010"><subfield code="a">HT008069116</subfield></datafield><datafield ind2="1" ind1="0" tag="011"><subfield code="a">LL005557690</subfield></datafield><datafield ind2="1" ind1="0" tag="014"><subfield code="a">61 ZME 11</subfield></datafield><datafield ind2="1" ind1="0" tag="015"><subfield code="a">ger</subfield></datafield><datafield ind2=" " ind1="0" tag="027"><subfield code="a">V</subfield></datafield><datafield ind2="1" ind1="0" tag="035"><subfield code="a">DE</subfield></datafield><datafield ind2=" " ind1="0" tag="036"><subfield code="a">s</subfield></datafield><datafield ind2=" " ind1="0" tag="038"><subfield code="a">y</subfield></datafield><datafield ind2="1" ind1="0" tag="100"><subfield code="a">Marziniak, Rüdiger</subfield></datafield><datafield ind2="1" ind1="0" tag="331"><subfield code="a">Untersuchungen über die Wirkungsweise und Anwendungsmöglichkeiten akustischer Trockenprozesse</subfield></datafield><datafield ind2=" " ind1="0" tag="359"><subfield code="a">von Rüdiger Marziniak</subfield></datafield><datafield ind2="1" ind1="0" tag="410"><subfield code="a">Aachen</subfield></datafield><datafield ind2="1" ind1="0" tag="412"><subfield code="a">Mayer</subfield></datafield><datafield ind2=" " ind1="0" tag="425"><subfield code="a">1972</subfield></datafield><datafield ind2="1" ind1="0" tag="433"><subfield code="a">119 S.</subfield></datafield><datafield ind2="1" ind1="0" tag="451"><subfield code="a">Forschungsberichte des Laboratoriums für Ultraschall ; 2</subfield></datafield><datafield ind2="1" ind1="0" tag="453"><subfield code="a">HT001233824</subfield></datafield><datafield ind2="1" ind1="0" tag="455"><subfield code="a">2</subfield></datafield><datafield ind2="1" ind1="0" tag="519"><subfield code="a">Zugl.: Aachen, Techn. Hochsch., Diss. 1972</subfield></datafield><datafield ind2="1" ind1="0" tag="540"><subfield code="a">3-87519-012-2</subfield></datafield><datafield ind2="1" ind1="0" tag="542"><subfield code="a">kart. : DM 16.00</subfield></datafield><datafield ind2="1" ind1="0" tag="606"><subfield code="a">ass</subfield></datafield><datafield ind2="1" ind1="0" tag="700"><subfield code="a">ZME</subfield></datafield><datafield ind2=" " ind1="0" tag="800"><subfield code="a">a</subfield></datafield><datafield ind2="1" ind1="1" tag="024"><subfield code="a">a|a|||||||||||</subfield></datafield><datafield ind2="2" ind1="1" tag="024"><subfield code="a">a|a||||||||</subfield></datafield><datafield ind2="1" ind1="1" tag="672"><subfield code="a">Aachen</subfield></datafield><datafield ind2="1" ind1="1" tag="675"><subfield code="a">2027976-0</subfield></datafield></record>