<record format="MarcXchange" type="Bibliographic"><leader>00000     2200000   000 </leader><controlfield tag="001">299378</controlfield><controlfield tag="002">08.11.2011</controlfield><datafield ind2="1" ind1="0" tag="014"><subfield code="a">61 EU 11-27</subfield></datafield><datafield ind2="1" ind1="0" tag="015"><subfield code="a">ger</subfield></datafield><datafield ind2="1" ind1="0" tag="029"><subfield code="a">06</subfield></datafield><datafield ind2="1" ind1="0" tag="100"><subfield code="a">Maslow, Gregor</subfield></datafield><datafield ind2="1" ind1="0" tag="101"><subfield code="a">Lauter, Herbert [Betreuer]</subfield></datafield><datafield ind2="1" ind1="0" tag="331"><subfield code="a">Prüfstandsuntersuchungen zur akustischen Emission von 6-Zylinder-PKW-Motoren der Oberklasse</subfield></datafield><datafield ind2=" " ind1="0" tag="359"><subfield code="a">in Zusammenarbeit mit: FEV GmbH (Dipl.-Ing. Adrian Rosplesch)</subfield></datafield><datafield ind2=" " ind1="0" tag="425"><subfield code="a">2011</subfield></datafield><datafield ind2="1" ind1="0" tag="519"><subfield code="a">Aachen, FH, Diplomarbeit, 2011</subfield></datafield><datafield ind2="1" ind1="0" tag="600"><subfield code="a">für immer unter Verschluss</subfield></datafield></record>