<record format="MarcXchange" type="Bibliographic"><leader>00000     2200000   000 </leader><controlfield tag="001">299756</controlfield><controlfield tag="002">17.11.2011</controlfield><controlfield tag="003">16.08.2013</controlfield><datafield ind2="1" ind1="0" tag="014"><subfield code="a">61 P 11-111M</subfield></datafield><datafield ind2="1" ind1="0" tag="015"><subfield code="a">ger</subfield></datafield><datafield ind2="1" ind1="0" tag="029"><subfield code="a">06</subfield></datafield><datafield ind2="1" ind1="0" tag="100"><subfield code="a">Mathieu, Moritz</subfield></datafield><datafield ind2="1" ind1="0" tag="101"><subfield code="a">Schelthoff, Christof [Betreuer]</subfield></datafield><datafield ind2="1" ind1="0" tag="331"><subfield code="a">Parallelisierung des dynamischen Blitzkugel-Verfahrens und Untersuchung von Einfangwirksamkeiten von Fangeinrichtungen</subfield></datafield><datafield ind2=" " ind1="0" tag="425"><subfield code="a">2011</subfield></datafield><datafield ind2="1" ind1="0" tag="519"><subfield code="a">Aachen, FH, Masterarbeit, 2011</subfield></datafield></record>