<record format="MarcXchange" type="Bibliographic"><leader>00000     2200000   000 </leader><controlfield tag="001">272231</controlfield><controlfield tag="002">13.07.2010</controlfield><controlfield tag="003">31.07.2012</controlfield><datafield ind2="1" ind1="0" tag="014"><subfield code="a">61 BMT 10-24B</subfield></datafield><datafield ind2="1" ind1="0" tag="015"><subfield code="a">eng</subfield></datafield><datafield ind2="1" ind1="0" tag="029"><subfield code="a">06</subfield></datafield><datafield ind2="1" ind1="0" tag="100"><subfield code="a">Matta, Jimmy</subfield></datafield><datafield ind2="1" ind1="0" tag="101"><subfield code="a">Artmann, Gerhard [Betreuer]</subfield></datafield><datafield ind2="1" ind1="0" tag="331"><subfield code="a">The effect of biofilms on water filtration in sand columns</subfield></datafield><datafield ind2=" " ind1="0" tag="425"><subfield code="a">2010</subfield></datafield><datafield ind2="1" ind1="0" tag="519"><subfield code="a">Aachen, FH, Bachelorarbeit, 2010</subfield></datafield></record>