<record format="MarcXchange" type="Bibliographic"><leader>00000     2200000   000 </leader><controlfield tag="001">278818</controlfield><controlfield tag="002">25.10.2010</controlfield><datafield ind2="1" ind1="0" tag="014"><subfield code="a">61 P 10-104B</subfield></datafield><datafield ind2="1" ind1="0" tag="015"><subfield code="a">ger</subfield></datafield><datafield ind2="1" ind1="0" tag="029"><subfield code="a">06</subfield></datafield><datafield ind2="1" ind1="0" tag="100"><subfield code="a">Mattes, Daniel</subfield></datafield><datafield ind2="1" ind1="0" tag="101"><subfield code="a">Höttges, Jörg [Betreuer]</subfield></datafield><datafield ind2="1" ind1="0" tag="331"><subfield code="a">Verkehrsleitsystem der Region Rhein-Main</subfield></datafield><datafield ind2="1" ind1="0" tag="335"><subfield code="a">Programmierung einer räumlich-statistischen Auswertung zum Verkehrsaufkommen und Anwendung am Beispiel der Ballungsregion Rhein-Main</subfield></datafield><datafield ind2=" " ind1="0" tag="425"><subfield code="a">2010</subfield></datafield><datafield ind2="1" ind1="0" tag="519"><subfield code="a">Aachen, FH, Bachelorarbeit, 2010</subfield></datafield></record>