<record format="MarcXchange" type="Bibliographic"><leader>00000     2200000   000 </leader><controlfield tag="001">263587</controlfield><controlfield tag="002">15.03.2010</controlfield><controlfield tag="003">15.03.2010</controlfield><datafield ind2="1" ind1="0" tag="014"><subfield code="a">61 ET 09/10-04B</subfield></datafield><datafield ind2="1" ind1="0" tag="015"><subfield code="a">ger</subfield></datafield><datafield ind2="1" ind1="0" tag="029"><subfield code="a">06</subfield></datafield><datafield ind2="1" ind1="0" tag="100"><subfield code="a">Maybaum, Markus</subfield></datafield><datafield ind2="1" ind1="0" tag="101"><subfield code="a">Helsper, Christoph [Betreuer]</subfield></datafield><datafield ind2="1" ind1="0" tag="331"><subfield code="a">Optimierung der Gurtlageerfassung mittels Ultraschallmessung zur Bestimmung von Bandschieflauf anhand eines Matlab/Simulink Models</subfield></datafield><datafield ind2=" " ind1="0" tag="359"><subfield code="a">in Zusammenarbeit mit: RWE Power AG (Dipl.-Ing. Sebastian Piecha)</subfield></datafield><datafield ind2=" " ind1="0" tag="425"><subfield code="a">2010</subfield></datafield><datafield ind2="1" ind1="0" tag="519"><subfield code="a">Aachen, FH, Bachelorarbeit, 2010</subfield></datafield></record>