<record format="MarcXchange" type="Bibliographic"><leader>00000     2200000   000 </leader><controlfield tag="001">295675</controlfield><controlfield tag="002">19.08.2011</controlfield><controlfield tag="003">22.09.2011</controlfield><datafield ind2="1" ind1="0" tag="014"><subfield code="a">61 BMT 11-53M</subfield></datafield><datafield ind2="1" ind1="0" tag="015"><subfield code="a">eng</subfield></datafield><datafield ind2="1" ind1="0" tag="029"><subfield code="a">06</subfield></datafield><datafield ind2="1" ind1="0" tag="100"><subfield code="a">Mboumien, Wianda</subfield></datafield><datafield ind2="1" ind1="0" tag="101"><subfield code="a">Ackermann, Hans-Josef [Betreuer]</subfield></datafield><datafield ind2="1" ind1="0" tag="331"><subfield code="a">Parallel interface control of AD9858</subfield></datafield><datafield ind2="1" ind1="0" tag="335"><subfield code="a">a step towards ultrasonic echo-simulation</subfield></datafield><datafield ind2=" " ind1="0" tag="425"><subfield code="a">2011</subfield></datafield><datafield ind2="1" ind1="0" tag="519"><subfield code="a">Aachen, FH, Masterarbeit, 2011</subfield></datafield><datafield ind2="1" ind1="0" tag="600"><subfield code="a">für immer unter Verschluss</subfield></datafield></record>