<record format="MarcXchange" type="Bibliographic"><leader>00000     2200000   000 </leader><controlfield tag="001">384186</controlfield><controlfield tag="002">19.07.2012</controlfield><datafield ind2="1" ind1="0" tag="014"><subfield code="a">61 EU 12-12M</subfield></datafield><datafield ind2="1" ind1="0" tag="015"><subfield code="a">eng</subfield></datafield><datafield ind2="1" ind1="0" tag="029"><subfield code="a">06</subfield></datafield><datafield ind2="1" ind1="0" tag="100"><subfield code="a">McKeever, Padraic</subfield></datafield><datafield ind2="1" ind1="0" tag="101"><subfield code="a">Alexopoulos, Spiros [Betreuer]</subfield></datafield><datafield ind2="1" ind1="0" tag="331"><subfield code="a">Gasification of Olive Waste Biomass</subfield></datafield><datafield ind2="1" ind1="0" tag="335"><subfield code="a">using Solarthermal Energy</subfield></datafield><datafield ind2=" " ind1="0" tag="425"><subfield code="a">2012</subfield></datafield><datafield ind2="1" ind1="0" tag="519"><subfield code="a">Aachen, FH, Masterarbeit, 2012</subfield></datafield><datafield ind2="1" ind1="0" tag="600"><subfield code="a">für immer unter Verschluss</subfield></datafield></record>