<record format="MarcXchange" type="Bibliographic"><leader>00000     2200000   000 </leader><controlfield tag="001">433555</controlfield><controlfield tag="002">24.06.2013</controlfield><controlfield tag="003">24.06.2013</controlfield><datafield ind2="1" ind1="0" tag="014"><subfield code="a">61 P 12/13-72M</subfield></datafield><datafield ind2="1" ind1="0" tag="015"><subfield code="a">ger</subfield></datafield><datafield ind2="1" ind1="0" tag="029"><subfield code="a">06</subfield></datafield><datafield ind2="1" ind1="0" tag="100"><subfield code="a">Meiners, Michael</subfield></datafield><datafield ind2="1" ind1="0" tag="101"><subfield code="a">Dikta, Gerhard [Betreuer]</subfield></datafield><datafield ind2="1" ind1="0" tag="331"><subfield code="a">Untersuchung statistischer Kenngrößen zur Beurteilung der Durchbiegung eines Balkens unter zufällig ändernder Belastung</subfield></datafield><datafield ind2=" " ind1="0" tag="425"><subfield code="a">2013</subfield></datafield><datafield ind2="1" ind1="0" tag="519"><subfield code="a">Aachen, FH, Masterarbeit, 2013</subfield></datafield></record>