<record format="MarcXchange" type="Bibliographic"><leader>00000     2200000   000 </leader><controlfield tag="001">281446</controlfield><controlfield tag="002">06.01.2011</controlfield><controlfield tag="003">06.01.2011</controlfield><datafield ind2="1" ind1="0" tag="014"><subfield code="a">61 C 10/11-16B</subfield></datafield><datafield ind2="1" ind1="0" tag="015"><subfield code="a">ger</subfield></datafield><datafield ind2="1" ind1="0" tag="029"><subfield code="a">06</subfield></datafield><datafield ind2="1" ind1="0" tag="100"><subfield code="a">Menzel, Sarah</subfield></datafield><datafield ind2="1" ind1="0" tag="101"><subfield code="a">Dieckhoff, Josef [Betreuer]</subfield></datafield><datafield ind2="1" ind1="0" tag="331"><subfield code="a">GLUT4myc Translokation in die Plasmamembran durch Insulinstimulation und Einfluss von GLO1 und HSP27 Knock-down auf das Aktin-Zytoskelett durch intrazellulär bzw. extrazellulär zugesetztes Methylglyoxal</subfield></datafield><datafield ind2=" " ind1="0" tag="359"><subfield code="a">in Zusammenarbeit mit: Herz- und Diabeteszentrum Nordrhein-Westfalen Universitätsklinik der Ruhr-Universität Bochum, Bad Oeynhausen/Forschungslabor des Diabeteszentrums (Dr. rer. nat. Bernd Stratmann)</subfield></datafield><datafield ind2=" " ind1="0" tag="425"><subfield code="a">2010</subfield></datafield><datafield ind2="1" ind1="0" tag="519"><subfield code="a">Aachen, FH, Bachelorarbeit, 2010</subfield></datafield><datafield ind2="1" ind1="0" tag="600"><subfield code="a">unter Verschluss bis 2016</subfield></datafield></record>