<record format="MarcXchange" type="Bibliographic"><leader>00000     2200000   000 </leader><controlfield tag="001">280739</controlfield><controlfield tag="002">14.12.2010</controlfield><controlfield tag="003">14.01.2014</controlfield><datafield ind2="1" ind1="0" tag="014"><subfield code="a">61 EU 10/11-10B</subfield></datafield><datafield ind2="1" ind1="0" tag="015"><subfield code="a">ger</subfield></datafield><datafield ind2="1" ind1="0" tag="029"><subfield code="a">06</subfield></datafield><datafield ind2="1" ind1="0" tag="100"><subfield code="a">Merbecks, Christian</subfield></datafield><datafield ind2="1" ind1="0" tag="101"><subfield code="a">Faber, Christian [Betreuer]</subfield></datafield><datafield ind2="1" ind1="0" tag="331"><subfield code="a">Erhöhung der Wirtschaftlichkeit einer Biogasanlage mittels Membrandach</subfield></datafield><datafield ind2=" " ind1="0" tag="425"><subfield code="a">2010</subfield></datafield><datafield ind2="1" ind1="0" tag="519"><subfield code="a">Aachen, FH, Bachelorarbeit, 2010</subfield></datafield><datafield ind2="1" ind1="0" tag="600"><subfield code="a">freigegeben 1401</subfield></datafield></record>