<record format="MarcXchange" type="Bibliographic"><leader>00000     2200000   000 </leader><controlfield tag="001">259483</controlfield><controlfield tag="002">17.11.2009</controlfield><controlfield tag="003">17.11.2009</controlfield><datafield ind2="1" ind1="0" tag="014"><subfield code="a">61 BMT 09-109B</subfield></datafield><datafield ind2="1" ind1="0" tag="015"><subfield code="a">ger</subfield></datafield><datafield ind2="1" ind1="0" tag="029"><subfield code="a">06</subfield></datafield><datafield ind2="1" ind1="0" tag="100"><subfield code="a">Meyer, Patrick</subfield></datafield><datafield ind2="1" ind1="0" tag="101"><subfield code="a">Weber, Hans-Joachim [Betreuer]</subfield></datafield><datafield ind2="1" ind1="0" tag="331"><subfield code="a">Experimenteller Aufbau für neuartige Stimulationspulse bei der tiefen Hirnstimulation</subfield></datafield><datafield ind2=" " ind1="0" tag="359"><subfield code="a">in Zusammenarbeit mit: Forschungszetnrum Jülich GmbH/Institut für Neurowissenschaft und Medizin (INM-7) (Privatdozent Dr. Ch. Hauptmann)</subfield></datafield><datafield ind2=" " ind1="0" tag="425"><subfield code="a">2009</subfield></datafield><datafield ind2="1" ind1="0" tag="519"><subfield code="a">Aachen, FH, Bachelorarbeit, 2009</subfield></datafield></record>