<record format="MarcXchange" type="Bibliographic"><leader>00000     2200000   000 </leader><controlfield tag="001">263606</controlfield><controlfield tag="002">15.03.2010</controlfield><datafield ind2="1" ind1="0" tag="014"><subfield code="a">61 P 09/10-51</subfield></datafield><datafield ind2="1" ind1="0" tag="015"><subfield code="a">ger</subfield></datafield><datafield ind2="1" ind1="0" tag="029"><subfield code="a">06</subfield></datafield><datafield ind2="1" ind1="0" tag="100"><subfield code="a">Michels, Björn</subfield></datafield><datafield ind2="1" ind1="0" tag="101"><subfield code="a">Hillen, Walter [Betreuer]</subfield></datafield><datafield ind2="1" ind1="0" tag="331"><subfield code="a">Software zur Bestimmung von Bindungsformen von Sauerstoff in Metallen nach dem Trägergasverfahren durch Schmelzextraktion</subfield></datafield><datafield ind2=" " ind1="0" tag="359"><subfield code="a">in Zusammenarbeit mit: Bruker Elemental GmbH</subfield></datafield><datafield ind2=" " ind1="0" tag="425"><subfield code="a">2010</subfield></datafield><datafield ind2="1" ind1="0" tag="519"><subfield code="a">Aachen, FH, Diplomarbeit, 2010</subfield></datafield></record>