<record format="MarcXchange" type="Bibliographic"><leader>00000     2200000   000 </leader><controlfield tag="001">300036</controlfield><controlfield tag="002">23.11.2011</controlfield><datafield ind2="1" ind1="0" tag="014"><subfield code="a">61 KT 11-45B</subfield></datafield><datafield ind2="1" ind1="0" tag="015"><subfield code="a">ger</subfield></datafield><datafield ind2="1" ind1="0" tag="029"><subfield code="a">06</subfield></datafield><datafield ind2="1" ind1="0" tag="100"><subfield code="a">Mildenberger, Frank</subfield></datafield><datafield ind2="1" ind1="0" tag="101"><subfield code="a">Hoyler, Friedrich [Betreuer]</subfield></datafield><datafield ind2="1" ind1="0" tag="331"><subfield code="a">Identifizierung von Cadmium in homogenen und heterogenen großvolumigen Proben mittels Prompt-Verzögert-Gamma-Neutronen-Aktivierungs-Analyse</subfield></datafield><datafield ind2=" " ind1="0" tag="359"><subfield code="a">in Zusammenarbeit mit: Forschungszentrum Jülich GmbH (Dr. rer. nat. Eric Mauerhofer)</subfield></datafield><datafield ind2=" " ind1="0" tag="425"><subfield code="a">2011</subfield></datafield><datafield ind2="1" ind1="0" tag="519"><subfield code="a">Aachen, FH, Bachelorarbeit, 2011</subfield></datafield><datafield ind2="1" ind1="0" tag="600"><subfield code="a">für immer unter Verschluss</subfield></datafield></record>