<record format="MarcXchange" type="Bibliographic"><leader>00000     2200000   000 </leader><controlfield tag="001">300774</controlfield><controlfield tag="002">08.12.2011</controlfield><datafield ind2="1" ind1="0" tag="014"><subfield code="a">61 C 11-57</subfield></datafield><datafield ind2="1" ind1="0" tag="015"><subfield code="a">ger</subfield></datafield><datafield ind2="1" ind1="0" tag="029"><subfield code="a">06</subfield></datafield><datafield ind2="1" ind1="0" tag="100"><subfield code="a">Mirzakhanian, Aramazd</subfield></datafield><datafield ind2="1" ind1="0" tag="101"><subfield code="a">Scherer, Ulrich [Betreuer]</subfield></datafield><datafield ind2="1" ind1="0" tag="331"><subfield code="a">Untersuchungen zur Dekontamination durch Hochleistungslaser</subfield></datafield><datafield ind2=" " ind1="0" tag="359"><subfield code="a">in Zusammenarbeit mit: FZ Jülich/Abteilung N-BC ; Sat. Kerntechnik GmbH ; Clean Lasersysteme GmbH (Felix Schneider M. Sc.)</subfield></datafield><datafield ind2=" " ind1="0" tag="425"><subfield code="a">2011</subfield></datafield><datafield ind2="1" ind1="0" tag="519"><subfield code="a">Aachen, FH, diplomarbeit, 2011</subfield></datafield></record>