<record format="MarcXchange" type="Bibliographic"><leader>00000     2200000   000 </leader><controlfield tag="001">399138</controlfield><controlfield tag="002">13.11.2012</controlfield><datafield ind2="1" ind1="0" tag="014"><subfield code="a">61 P 12-30B</subfield></datafield><datafield ind2="1" ind1="0" tag="015"><subfield code="a">ger</subfield></datafield><datafield ind2="1" ind1="0" tag="029"><subfield code="a">06</subfield></datafield><datafield ind2="1" ind1="0" tag="100"><subfield code="a">Moha, Richard</subfield></datafield><datafield ind2="1" ind1="0" tag="101"><subfield code="a">Schäfer, Horst [Betreuer]</subfield></datafield><datafield ind2="1" ind1="0" tag="331"><subfield code="a">Entwicklung eines Sofware-Systems zur systematischen Untersuchung von Anionen-π-Wechselwirkungen</subfield></datafield><datafield ind2=" " ind1="0" tag="425"><subfield code="a">2012</subfield></datafield><datafield ind2="1" ind1="0" tag="519"><subfield code="a">Aachen, FH, Bachelorarbeit, 2012</subfield></datafield></record>