<record format="MarcXchange" type="Bibliographic"><leader>00000     2200000   000 </leader><controlfield tag="001">297703</controlfield><controlfield tag="002">17.10.2011</controlfield><controlfield tag="003">18.10.2011</controlfield><datafield ind2="1" ind1="0" tag="014"><subfield code="a">61 BMT 11-76B</subfield></datafield><datafield ind2="1" ind1="0" tag="015"><subfield code="a">ger</subfield></datafield><datafield ind2="1" ind1="0" tag="029"><subfield code="a">06</subfield></datafield><datafield ind2="1" ind1="0" tag="100"><subfield code="a">Molinnus, Denise</subfield></datafield><datafield ind2="1" ind1="0" tag="101"><subfield code="a">Ackermann, Hans-Josef [Betreuer]</subfield></datafield><datafield ind2="1" ind1="0" tag="331"><subfield code="a">Automatisierung eines Biegemessplatzes zur Charakterisierung der mechanischen Langzeitstabilität von Mikroelektroden</subfield></datafield><datafield ind2=" " ind1="0" tag="359"><subfield code="a">in Zusammenarbeit mit: Fraunhofer-Institut für Biomedizinische Technik (IBMT), St. Ingbert (Prof. Dr.-Ing. Klaus-Peter Hoffmann)</subfield></datafield><datafield ind2=" " ind1="0" tag="425"><subfield code="a">2011</subfield></datafield><datafield ind2="1" ind1="0" tag="519"><subfield code="a">Aachen, FH, Bachelorarbeit, 2011</subfield></datafield></record>