<record format="MarcXchange" type="Bibliographic"><leader>00000     2200000   000 </leader><controlfield tag="001">486624</controlfield><controlfield tag="002">03.04.2014</controlfield><datafield ind2="1" ind1="0" tag="014"><subfield code="a">61BMT 13/14-73M</subfield></datafield><datafield ind2="1" ind1="0" tag="015"><subfield code="a">eng</subfield></datafield><datafield ind2="1" ind1="0" tag="029"><subfield code="a">06</subfield></datafield><datafield ind2="1" ind1="0" tag="100"><subfield code="a">Molinnus, Denise</subfield></datafield><datafield ind2="1" ind1="0" tag="101"><subfield code="a">Schöning, Michael [Betreuer]</subfield></datafield><datafield ind2="1" ind1="0" tag="331"><subfield code="a">Potentiometric Tattoo Sensors for Real-time Autonomous Sodium Monitoring in Human Perspiration</subfield></datafield><datafield ind2=" " ind1="0" tag="359"><subfield code="a">in Zusammenarbeit mit: University of California, San Diego/Department of NanoEngineering (Prof. Dr. Sc. Joseph Wang)</subfield></datafield><datafield ind2=" " ind1="0" tag="425"><subfield code="a">2013</subfield></datafield><datafield ind2="1" ind1="0" tag="519"><subfield code="a">Aachen, FH, Masterarbeit, 2014</subfield></datafield></record>