<record format="MarcXchange" type="Bibliographic"><leader>00000     2200000   000 </leader><controlfield tag="001">249900</controlfield><controlfield tag="002">30.03.2009</controlfield><controlfield tag="003">14.03.2012</controlfield><datafield ind2="1" ind1="0" tag="014"><subfield code="a">61 C 08/09-46</subfield></datafield><datafield ind2="1" ind1="0" tag="015"><subfield code="a">ger</subfield></datafield><datafield ind2="1" ind1="0" tag="029"><subfield code="a">06</subfield></datafield><datafield ind2="1" ind1="0" tag="100"><subfield code="a">Moll, Michael</subfield></datafield><datafield ind2="1" ind1="0" tag="101"><subfield code="a">Kotter, Michael [Betreuer]</subfield></datafield><datafield ind2="1" ind1="0" tag="331"><subfield code="a">Systemauslegung einer SCR-Aussenbetankung am NCV-3Tanksystem hinsichtlich NH3-Emissionen und des Druckverlustes</subfield></datafield><datafield ind2=" " ind1="0" tag="359"><subfield code="a">in Zusammenarbeit mit: Kautex Textron GmbH &amp; Co. KG/Abteilung R&amp;D Research SCR-Systems (Dipl.-Ing. Ralf Kolberg)</subfield></datafield><datafield ind2=" " ind1="0" tag="425"><subfield code="a">2009</subfield></datafield><datafield ind2="1" ind1="0" tag="519"><subfield code="a">Aachen, FH, Diplomarbeit, 2009</subfield></datafield><datafield ind2="1" ind1="0" tag="600"><subfield code="a">freigegeben 1203</subfield></datafield></record>