<record format="MarcXchange" type="Bibliographic"><leader>00000     2200000   000 </leader><controlfield tag="001">249138</controlfield><controlfield tag="002">17.03.2009</controlfield><datafield ind2="1" ind1="0" tag="014"><subfield code="a">61 EU 08/09-13M</subfield></datafield><datafield ind2="1" ind1="0" tag="015"><subfield code="a">eng</subfield></datafield><datafield ind2="1" ind1="0" tag="029"><subfield code="a">06</subfield></datafield><datafield ind2="1" ind1="0" tag="100"><subfield code="a">Moreno, Adriana</subfield></datafield><datafield ind2="1" ind1="0" tag="101"><subfield code="a">Quadakkers, Willem [Betreuer]</subfield></datafield><datafield ind2="1" ind1="0" tag="331"><subfield code="a">Effect of Zr addition on the oxidation behavior of thick and thin walled FeCrAIY- components</subfield></datafield><datafield ind2=" " ind1="0" tag="425"><subfield code="a">2008</subfield></datafield><datafield ind2="1" ind1="0" tag="519"><subfield code="a">Aachen, FH, Masterarbeit, 2008</subfield></datafield></record>