<record format="MarcXchange" type="Bibliographic"><leader>00000     2200000   000 </leader><controlfield tag="001">264110</controlfield><controlfield tag="002">01.04.2010</controlfield><controlfield tag="003">01.04.2010</controlfield><datafield ind2="1" ind1="0" tag="014"><subfield code="a">61 C 09/10-72M</subfield></datafield><datafield ind2="1" ind1="0" tag="015"><subfield code="a">ger</subfield></datafield><datafield ind2="1" ind1="0" tag="029"><subfield code="a">06</subfield></datafield><datafield ind2="1" ind1="0" tag="100"><subfield code="a">Motyl, Wojciech</subfield></datafield><datafield ind2="1" ind1="0" tag="101"><subfield code="a">Möginger, Bernhard [Betreuer]</subfield></datafield><datafield ind2="1" ind1="0" tag="331"><subfield code="a">Simulation des mechanischen Verhaltens eines in eine PKW-Armaturentafel integrierten Luftkanals bei Aufbringung des Fügedrucks im Laserduchstrahlschweißprozess</subfield></datafield><datafield ind2=" " ind1="0" tag="359"><subfield code="a">in Zusammenarbeit mit: Rheinisch-Westfälische Technische Hochschule Aachen/Institut für Kunststoffverarbeitung (IKV) in Industrie und Handwerk (Dipl.-Ing. André Potthoff)</subfield></datafield><datafield ind2=" " ind1="0" tag="425"><subfield code="a">2009</subfield></datafield><datafield ind2="1" ind1="0" tag="519"><subfield code="a">Aachen, FH, Masterarbeit, 2010</subfield></datafield><datafield ind2="1" ind1="0" tag="600"><subfield code="a">für immer unter Verschluss</subfield></datafield></record>