<record format="MarcXchange" type="Bibliographic"><leader>00000     2200000   000 </leader><controlfield tag="001">249198</controlfield><controlfield tag="002">19.03.2009</controlfield><controlfield tag="003">09.03.2012</controlfield><datafield ind2="1" ind1="0" tag="014"><subfield code="a">61 EU 08/09-22M</subfield></datafield><datafield ind2="1" ind1="0" tag="015"><subfield code="a">ger</subfield></datafield><datafield ind2="1" ind1="0" tag="029"><subfield code="a">06</subfield></datafield><datafield ind2="1" ind1="0" tag="100"><subfield code="a">Moussa, Mohamad</subfield></datafield><datafield ind2="1" ind1="0" tag="101"><subfield code="a">Helsper, Christoph [Betreuer]</subfield></datafield><datafield ind2="1" ind1="0" tag="331"><subfield code="a">Aspekt der Zellverschaltung durch Kleben und Anforderungen an eine Produktionsanlage für die Massenfertigung</subfield></datafield><datafield ind2=" " ind1="0" tag="359"><subfield code="a">in Zusammenarbeit mit: Scheuten Solar Technology GmbH/Abteilung für Forschung und Entwicklung (Dr. Oliver Voigt)</subfield></datafield><datafield ind2=" " ind1="0" tag="425"><subfield code="a">2008</subfield></datafield><datafield ind2="1" ind1="0" tag="519"><subfield code="a">Aachen, FH, Masterarbeit, 2008</subfield></datafield><datafield ind2="1" ind1="0" tag="600"><subfield code="a">freigegeben 1203</subfield></datafield></record>