<record format="MarcXchange" type="Bibliographic"><leader>00000     2200000   000 </leader><controlfield tag="001">401887</controlfield><controlfield tag="002">13.12.2012</controlfield><datafield ind2="1" ind1="0" tag="014"><subfield code="a">61 BMT 12-92B</subfield></datafield><datafield ind2="1" ind1="0" tag="015"><subfield code="a">eng</subfield></datafield><datafield ind2="1" ind1="0" tag="029"><subfield code="a">06</subfield></datafield><datafield ind2="1" ind1="0" tag="100"><subfield code="a">Muhle, Maximilian</subfield></datafield><datafield ind2="1" ind1="0" tag="101"><subfield code="a">Ziemons, Karl [Betreuer]</subfield></datafield><datafield ind2="1" ind1="0" tag="331"><subfield code="a">Design, Simulation and Evaluation of a Transceiver Coil Array for Magnetic Resonance Imaging of the Human Eye at 7.0 Tesla</subfield></datafield><datafield ind2=" " ind1="0" tag="359"><subfield code="a">in Zusammenarbeit mit: Berlin Ultrahigh Field Facility (B.U.F.F)/Max-Delbrueck Center for Molecular Medicine (Prof. Dr. Thoralf Niendorf)</subfield></datafield><datafield ind2=" " ind1="0" tag="425"><subfield code="a">2012</subfield></datafield><datafield ind2="1" ind1="0" tag="519"><subfield code="a">Aachen, FH, Bachelorarbeit, 2012</subfield></datafield></record>