<record format="MarcXchange" type="Bibliographic"><leader>00000     2200000   000 </leader><controlfield tag="001">401002</controlfield><controlfield tag="002">29.11.2012</controlfield><controlfield tag="003">29.11.2012</controlfield><datafield ind2="1" ind1="0" tag="014"><subfield code="a">61 C 12-30B</subfield></datafield><datafield ind2="1" ind1="0" tag="015"><subfield code="a">ger</subfield></datafield><datafield ind2="1" ind1="0" tag="029"><subfield code="a">06</subfield></datafield><datafield ind2="1" ind1="0" tag="100"><subfield code="a">Mühlemeier, Ilka</subfield></datafield><datafield ind2="1" ind1="0" tag="101"><subfield code="a">Berndt, Heinz [Betreuer]</subfield></datafield><datafield ind2="1" ind1="0" tag="331"><subfield code="a">Kultivierung und Optimierung relevanter Wachstumsparameter phototropher Mikroorganismen in Subitec's Flat-Panel-Airlift-Photobioreaktor</subfield></datafield><datafield ind2=" " ind1="0" tag="359"><subfield code="a">in Zusammenarbeit mit: Subitec Sustainable Biotechnology (M. Sc. P. Bergmann)</subfield></datafield><datafield ind2=" " ind1="0" tag="425"><subfield code="a">2012</subfield></datafield><datafield ind2="1" ind1="0" tag="519"><subfield code="a">Aachen, FH, Bachelorarbeit, 2012</subfield></datafield><datafield ind2="1" ind1="0" tag="600"><subfield code="a">unter Verschluss bis 2017</subfield></datafield></record>