<record format="MarcXchange" type="Bibliographic"><leader>00000     2200000   000 </leader><controlfield tag="001">494517</controlfield><controlfield tag="002">21.05.2014</controlfield><controlfield tag="003">22.05.2014</controlfield><datafield ind2="1" ind1="0" tag="014"><subfield code="a">61 KT 14-06M</subfield></datafield><datafield ind2="1" ind1="0" tag="015"><subfield code="a">eng</subfield></datafield><datafield ind2="1" ind1="0" tag="029"><subfield code="a">06</subfield></datafield><datafield ind2="1" ind1="0" tag="100"><subfield code="a">Muñoz Vázquez, Sergio</subfield></datafield><datafield ind2="1" ind1="0" tag="101"><subfield code="a">Scherer, Ulrich [Betreuer]</subfield></datafield><datafield ind2="1" ind1="0" tag="331"><subfield code="a">Evaluation of no-carrier-added 131I-Metaiodobenzylguanidine synthesis</subfield></datafield><datafield ind2=" " ind1="0" tag="359"><subfield code="a">in Zusammenarbeit mit: University Hospital Cologne/Clinic and Policlinic for Nuclear Medicine (Prof. Dr. rer. nat. Klaus Schomäcker)</subfield></datafield><datafield ind2=" " ind1="0" tag="425"><subfield code="a">2014</subfield></datafield><datafield ind2="1" ind1="0" tag="519"><subfield code="a">Aachen, FH, Masterarbeit, 2014</subfield></datafield></record>