<record format="MarcXchange" type="Bibliographic"><leader>00000     2200000   000 </leader><controlfield tag="001">270577</controlfield><controlfield tag="002">01.06.2010</controlfield><datafield ind2="1" ind1="0" tag="014"><subfield code="a">61 EU 10-02M</subfield></datafield><datafield ind2="1" ind1="0" tag="015"><subfield code="a">eng.</subfield></datafield><datafield ind2="1" ind1="0" tag="029"><subfield code="a">06</subfield></datafield><datafield ind2="1" ind1="0" tag="100"><subfield code="a">Musunuru, Ram Prasad</subfield></datafield><datafield ind2="1" ind1="0" tag="101"><subfield code="a">Breitbach, Gerd [Betreuer]</subfield></datafield><datafield ind2="1" ind1="0" tag="331"><subfield code="a">Analyzing occupant safety in the frontal impact using sled structure</subfield></datafield><datafield ind2=" " ind1="0" tag="359"><subfield code="a">in Zusammenarbeit mit: Fa. Benteler Automobiltechnik GmbH, Paderborn/PG Structure, CAE (Rainer Hartmann)</subfield></datafield><datafield ind2=" " ind1="0" tag="425"><subfield code="a">2010</subfield></datafield><datafield ind2="1" ind1="0" tag="519"><subfield code="a">Aachen, FH, Masterarbeit, 2010</subfield></datafield><datafield ind2="1" ind1="0" tag="600"><subfield code="a">unter Verschluss bis 2015</subfield></datafield></record>