<record format="MarcXchange" type="Bibliographic"><leader>00000     2200000   000 </leader><controlfield tag="001">263641</controlfield><controlfield tag="002">16.03.2010</controlfield><controlfield tag="003">16.03.2010</controlfield><datafield ind2="1" ind1="0" tag="014"><subfield code="a">61 P 09/10-56</subfield></datafield><datafield ind2="1" ind1="0" tag="015"><subfield code="a">ger</subfield></datafield><datafield ind2="1" ind1="0" tag="029"><subfield code="a">06</subfield></datafield><datafield ind2="1" ind1="0" tag="100"><subfield code="a">Muszalski, Agata</subfield></datafield><datafield ind2="1" ind1="0" tag="101"><subfield code="a">Hillen, Walter [Betreuer]</subfield></datafield><datafield ind2="1" ind1="0" tag="331"><subfield code="a">Eine Windows-Anwendung für die Fundoskopie in der HNO-Klinik</subfield></datafield><datafield ind2="1" ind1="0" tag="335"><subfield code="a">für interaktive Berechnung des Winkels zwischen zwei Fundoskopie-Aufnahmen und Definition einer Schnittstelle für das Einbinden von automatischen Algorithmen</subfield></datafield><datafield ind2=" " ind1="0" tag="425"><subfield code="a">2010</subfield></datafield><datafield ind2="1" ind1="0" tag="519"><subfield code="a">Aachen, FH, Diplomarbeit, 2010</subfield></datafield></record>