<record format="MarcXchange" type="Bibliographic"><leader>00000     2200000   000 </leader><controlfield tag="001">264112</controlfield><controlfield tag="002">01.04.2010</controlfield><datafield ind2="1" ind1="0" tag="014"><subfield code="a">61 EU 09-67B</subfield></datafield><datafield ind2="1" ind1="0" tag="015"><subfield code="a">eng</subfield></datafield><datafield ind2="1" ind1="0" tag="029"><subfield code="a">06</subfield></datafield><datafield ind2="1" ind1="0" tag="100"><subfield code="a">Naghib, Hamidreza</subfield></datafield><datafield ind2="1" ind1="0" tag="101"><subfield code="a">Hoffschmidt, Bernhard [Betreuer]</subfield></datafield><datafield ind2="1" ind1="0" tag="331"><subfield code="a">Simplified calculation of an absorption refrigerator</subfield></datafield><datafield ind2="1" ind1="0" tag="341"><subfield code="a">Vereinfachte Berechnung von Absorptionskältemaschine</subfield></datafield><datafield ind2=" " ind1="0" tag="425"><subfield code="a">2009</subfield></datafield><datafield ind2="1" ind1="0" tag="519"><subfield code="a">Aachen, Bachelorarbeit, 2009</subfield></datafield><datafield ind2="1" ind1="0" tag="600"><subfield code="a">unter Verschluss bis 2014</subfield></datafield></record>