<record format="MarcXchange" type="Bibliographic"><leader>00000     2200000   000 </leader><controlfield tag="001">264011</controlfield><controlfield tag="002">29.03.2010</controlfield><datafield ind2="1" ind1="0" tag="014"><subfield code="a">61 BMT 09/10-65</subfield></datafield><datafield ind2="1" ind1="0" tag="015"><subfield code="a">ger</subfield></datafield><datafield ind2="1" ind1="0" tag="029"><subfield code="a">06</subfield></datafield><datafield ind2="1" ind1="0" tag="100"><subfield code="a">Naserabadi, Abdolreza</subfield></datafield><datafield ind2="1" ind1="0" tag="101"><subfield code="a">Sponagel, Stefan [Betreuer]</subfield></datafield><datafield ind2="1" ind1="0" tag="331"><subfield code="a">Rheologie als wissenschaftlicher Begriff und die Rheologie des Blutes im menschlichen Körper</subfield></datafield><datafield ind2=" " ind1="0" tag="425"><subfield code="a">2010</subfield></datafield><datafield ind2="1" ind1="0" tag="519"><subfield code="a">Aachen, FH, Diplomarbeit, 2010</subfield></datafield></record>