<record format="MarcXchange" type="Bibliographic"><leader>00000     2200000   000 </leader><controlfield tag="001">279679</controlfield><controlfield tag="002">22.11.2010</controlfield><datafield ind2="1" ind1="0" tag="014"><subfield code="a">61 P 10-152</subfield></datafield><datafield ind2="1" ind1="0" tag="015"><subfield code="a">ger</subfield></datafield><datafield ind2="1" ind1="0" tag="029"><subfield code="a">06</subfield></datafield><datafield ind2="1" ind1="0" tag="100"><subfield code="a">Neßlinger, Michael</subfield></datafield><datafield ind2="1" ind1="0" tag="101"><subfield code="a">Hanrath, Wilhelm [Betreuer]</subfield></datafield><datafield ind2="1" ind1="0" tag="331"><subfield code="a">Frei konfigurierbares Parsing-Framework zur automatisierten Extraktion von spezifischen Daten aus XML basierten Nachrichten im Umfeld von Reise-Buchungs-Prozessen</subfield></datafield><datafield ind2=" " ind1="0" tag="425"><subfield code="a">2010</subfield></datafield><datafield ind2="1" ind1="0" tag="519"><subfield code="a">Aachen, FH, Diplomarbeit, 2010</subfield></datafield><datafield ind2="1" ind1="0" tag="600"><subfield code="a">für immer unter Verschluss</subfield></datafield></record>