<record format="MarcXchange" type="Bibliographic"><leader>00000     2200000   000 </leader><controlfield tag="001">400877</controlfield><controlfield tag="002">26.11.2012</controlfield><datafield ind2="1" ind1="0" tag="014"><subfield code="a">61 BMT 12-68B</subfield></datafield><datafield ind2="1" ind1="0" tag="015"><subfield code="a">ger</subfield></datafield><datafield ind2="1" ind1="0" tag="029"><subfield code="a">06</subfield></datafield><datafield ind2="1" ind1="0" tag="100"><subfield code="a">Neumann, Stephan</subfield></datafield><datafield ind2="1" ind1="0" tag="101"><subfield code="a">Artmann, Gerhard [Betreuer]</subfield></datafield><datafield ind2="1" ind1="0" tag="331"><subfield code="a">Aufbau eines Prototypen zur Zellkraftmessung basierend auf der Technologie des Tissue Tension Analysers</subfield></datafield><datafield ind2="1" ind1="0" tag="335"><subfield code="a">Optimierung der Komponenten im Hinblick auf Messgenauigkeit und Handling</subfield></datafield><datafield ind2=" " ind1="0" tag="425"><subfield code="a">2012</subfield></datafield><datafield ind2="1" ind1="0" tag="519"><subfield code="a">Aachen, FH, Bachelorarbeit, 2012</subfield></datafield><datafield ind2="1" ind1="0" tag="600"><subfield code="a">für immer unter Verschluss</subfield></datafield></record>