<record format="MarcXchange" type="Bibliographic"><leader>00000     2200000   000 </leader><controlfield tag="001">143853</controlfield><controlfield tag="002">05.03.1997</controlfield><controlfield tag="003">18.11.2008</controlfield><datafield ind2="1" ind1="9" tag="905"><subfield code="a">82/0002963</subfield></datafield><datafield ind2="2" ind1="9" tag="905"><subfield code="a">82/0000299</subfield></datafield><datafield ind2="1" ind1="9" tag="909"><subfield code="a">HBZ</subfield></datafield><datafield ind2="1" ind1="0" tag="010"><subfield code="a">HT002761824</subfield></datafield><datafield ind2="1" ind1="0" tag="011"><subfield code="a">LL003403108</subfield></datafield><datafield ind2="2" ind1="0" tag="011"><subfield code="a">FAC50000027914-000020</subfield></datafield><datafield ind2="1" ind1="0" tag="014"><subfield code="a">51 JZHF 385</subfield></datafield><datafield ind2="2" ind1="0" tag="014"><subfield code="a">61 MYJ 47</subfield></datafield><datafield ind2=" " ind1="0" tag="027"><subfield code="a">V</subfield></datafield><datafield ind2=" " ind1="0" tag="036"><subfield code="a">m</subfield></datafield><datafield ind2=" " ind1="0" tag="038"><subfield code="a">y</subfield></datafield><datafield ind2="1" ind1="0" tag="100"><subfield code="a">Nickel, Gabriele</subfield></datafield><datafield ind2="1" ind1="0" tag="331"><subfield code="a">¬Das alte Dorf, der neue Vorort</subfield></datafield><datafield ind2="1" ind1="0" tag="335"><subfield code="a">Jül-Lich-Steinstraß</subfield></datafield><datafield ind2=" " ind1="0" tag="359"><subfield code="a">Gabriele Nickel</subfield></datafield><datafield ind2="1" ind1="0" tag="410"><subfield code="a">Aachen</subfield></datafield><datafield ind2=" " ind1="0" tag="425"><subfield code="a">1982</subfield></datafield><datafield ind2="1" ind1="0" tag="433"><subfield code="a">85 S. : zahlr. Ill.</subfield></datafield><datafield ind2="1" ind1="0" tag="519"><subfield code="a">Aachen, Fachhochsch., Diplomarbeit, 1982</subfield></datafield><datafield ind2="1" ind1="0" tag="606"><subfield code="a">Bk</subfield></datafield><datafield ind2="1" ind1="0" tag="700"><subfield code="a">JZHF</subfield></datafield><datafield ind2="2" ind1="0" tag="700"><subfield code="a">MYJ</subfield></datafield><datafield ind2=" " ind1="0" tag="800"><subfield code="a">a</subfield></datafield><datafield ind2="1" ind1="1" tag="024"><subfield code="a">a|a|||||||||||</subfield></datafield><datafield ind2="2" ind1="1" tag="024"><subfield code="a">a|a||||||||</subfield></datafield><datafield ind2="3" ind1="1" tag="024"><subfield code="a">a|a||||||||</subfield></datafield><datafield ind2="1" ind1="1" tag="672"><subfield code="a">Aachen</subfield></datafield></record>