<record format="MarcXchange" type="Bibliographic"><leader>00000     2200000   000 </leader><controlfield tag="001">473268</controlfield><controlfield tag="002">16.01.2014</controlfield><controlfield tag="003">16.01.2014</controlfield><datafield ind2="1" ind1="0" tag="014"><subfield code="a">61 BMT 13/14-43M</subfield></datafield><datafield ind2="1" ind1="0" tag="015"><subfield code="a">eng</subfield></datafield><datafield ind2="1" ind1="0" tag="029"><subfield code="a">06</subfield></datafield><datafield ind2="1" ind1="0" tag="100"><subfield code="a">Nötzel, Stefan</subfield></datafield><datafield ind2="1" ind1="0" tag="101"><subfield code="a">Behbahani, Mehdi [Betreuer]</subfield></datafield><datafield ind2="1" ind1="0" tag="331"><subfield code="a">Influence of fiber occlusion on gas exchange performance in hollow fiber membrane oxygenators</subfield></datafield><datafield ind2=" " ind1="0" tag="359"><subfield code="a">in Zusammenarbeit mit: Helmholtz Institute Aachen, Department of cardiovascular Engineering (CVE) ; Institute of Applied Medical Engineering (AME) (Dipl.-Ing. Ralf Borchardt)</subfield></datafield><datafield ind2=" " ind1="0" tag="425"><subfield code="a">2013</subfield></datafield><datafield ind2="1" ind1="0" tag="519"><subfield code="a">Aachen, FH, Masterarbeit, 2014</subfield></datafield></record>