<record format="MarcXchange" type="Bibliographic"><leader>00000     2200000   000 </leader><controlfield tag="001">258091</controlfield><controlfield tag="002">12.10.2009</controlfield><datafield ind2="1" ind1="0" tag="014"><subfield code="a">61 C 09-30</subfield></datafield><datafield ind2="1" ind1="0" tag="015"><subfield code="a">ger</subfield></datafield><datafield ind2="1" ind1="0" tag="029"><subfield code="a">06</subfield></datafield><datafield ind2="1" ind1="0" tag="100"><subfield code="a">Nzoulou, Sami</subfield></datafield><datafield ind2="1" ind1="0" tag="101"><subfield code="a">Gerling, Ulrich [Betreuer]</subfield></datafield><datafield ind2="1" ind1="0" tag="331"><subfield code="a">Bestimmung physikalischer Eigenschaften einer eutektischen Harnstoffwasserlösung als Teiluntersuchung zur Entwicklung gefrierfester SCR-Tanks</subfield></datafield><datafield ind2=" " ind1="0" tag="359"><subfield code="a">in Zusammenarbeit mit: Kautex Textron GmbH und Co KG, Bonn/Abteilung R&amp;D Research SCR-Systems (Dipl.-Ing. Jaroslav Maglovski)</subfield></datafield><datafield ind2=" " ind1="0" tag="425"><subfield code="a">2009</subfield></datafield><datafield ind2="1" ind1="0" tag="519"><subfield code="a">Aachen, FH, Diplomarbeit, 2009</subfield></datafield><datafield ind2="1" ind1="0" tag="600"><subfield code="a">unter Verschluss bis 2014</subfield></datafield></record>