<record format="MarcXchange" type="Bibliographic"><leader>00000     2200000   000 </leader><controlfield tag="001">248605</controlfield><controlfield tag="002">26.02.2009</controlfield><controlfield tag="003">26.02.2009</controlfield><datafield ind2="1" ind1="0" tag="014"><subfield code="a">61 C 08/09-10</subfield></datafield><datafield ind2="1" ind1="0" tag="015"><subfield code="a">ger</subfield></datafield><datafield ind2="1" ind1="0" tag="029"><subfield code="a">06</subfield></datafield><datafield ind2="1" ind1="0" tag="100"><subfield code="a">Oerder, Silke</subfield></datafield><datafield ind2="1" ind1="0" tag="101"><subfield code="a">Ruttkowski, Edeltraud [Betreuer]</subfield></datafield><datafield ind2="1" ind1="0" tag="331"><subfield code="a">Amplifikation von microRNA für die Erstellung von Expressionsprofilen</subfield></datafield><datafield ind2=" " ind1="0" tag="359"><subfield code="a">in Zusammenarbeit mit: Fa. Miltenyi Biotec GmbH, Bergisch Gladbach/Abteilung Forschung und Entwicklung (Dr. Stefan Wild)</subfield></datafield><datafield ind2=" " ind1="0" tag="425"><subfield code="a">2008</subfield></datafield><datafield ind2="1" ind1="0" tag="519"><subfield code="a">Aachen, FH, Diplomarbeit, 2008</subfield></datafield></record>