<record format="MarcXchange" type="Bibliographic"><leader>00000     2200000   000 </leader><controlfield tag="001">259809</controlfield><controlfield tag="002">26.11.2009</controlfield><controlfield tag="003">26.11.2009</controlfield><datafield ind2="1" ind1="0" tag="014"><subfield code="a">61 EU 09-54B</subfield></datafield><datafield ind2="1" ind1="0" tag="015"><subfield code="a">ger</subfield></datafield><datafield ind2="1" ind1="0" tag="029"><subfield code="a">06</subfield></datafield><datafield ind2="1" ind1="0" tag="100"><subfield code="a">Olatunji, Oliver</subfield></datafield><datafield ind2="1" ind1="0" tag="101"><subfield code="a">Esch, Thomas [Betreuer]</subfield></datafield><datafield ind2="1" ind1="0" tag="331"><subfield code="a">Erstellung, Kalibrierung und Optimierung eines GT-Power-Modells für die Ladungswechselsimulation eines 4-Zylinder Rennmotors</subfield></datafield><datafield ind2=" " ind1="0" tag="425"><subfield code="a">2009</subfield></datafield><datafield ind2="1" ind1="0" tag="519"><subfield code="a">Aachen, FH, Bachelorarbeit, 2009</subfield></datafield><datafield ind2="1" ind1="0" tag="600"><subfield code="a">für immer unter Verschluss</subfield></datafield></record>