<record format="MarcXchange" type="Bibliographic"><leader>00000     2200000   000 </leader><controlfield tag="001">296324</controlfield><controlfield tag="002">13.09.2011</controlfield><controlfield tag="003">15.11.2013</controlfield><datafield ind2="1" ind1="0" tag="014"><subfield code="a">61 P 11-23B</subfield></datafield><datafield ind2="1" ind1="0" tag="015"><subfield code="a">ger</subfield></datafield><datafield ind2="1" ind1="0" tag="029"><subfield code="a">06</subfield></datafield><datafield ind2="1" ind1="0" tag="100"><subfield code="a">Olscher, Sebastian</subfield></datafield><datafield ind2="1" ind1="0" tag="101"><subfield code="a">Pflug, Hans-Joachim [Betreuer]</subfield></datafield><datafield ind2="1" ind1="0" tag="331"><subfield code="a">Konfigurierbarer, asynchroner Buchungsdatenexport über verschiedene Exportkanäle</subfield></datafield><datafield ind2=" " ind1="0" tag="359"><subfield code="a">in Zusammenarbeit mit: Fa. TravelTainment GmbH, Würselen (M.Sc. Uli Schmidt)</subfield></datafield><datafield ind2=" " ind1="0" tag="425"><subfield code="a">2011</subfield></datafield><datafield ind2="1" ind1="0" tag="519"><subfield code="a">Aachen, FH, Bachelorarbeit, 2011</subfield></datafield><datafield ind2="1" ind1="0" tag="600"><subfield code="a">für immer unter Verschluss</subfield></datafield></record>