<record format="MarcXchange" type="Bibliographic"><leader>00000     2200000   000 </leader><controlfield tag="001">257940</controlfield><controlfield tag="002">08.10.2009</controlfield><datafield ind2="1" ind1="0" tag="014"><subfield code="a">61 P 09-35B</subfield></datafield><datafield ind2="1" ind1="0" tag="015"><subfield code="a">eng</subfield></datafield><datafield ind2="1" ind1="0" tag="029"><subfield code="a">06</subfield></datafield><datafield ind2="1" ind1="0" tag="100"><subfield code="a">Ortleb, Sebastian</subfield></datafield><datafield ind2="1" ind1="0" tag="101"><subfield code="a">Höttges, Jörg [Betreuer]</subfield></datafield><datafield ind2="1" ind1="0" tag="331"><subfield code="a">A user-friendly web-based sewer information system</subfield></datafield><datafield ind2=" " ind1="0" tag="425"><subfield code="a">2009</subfield></datafield><datafield ind2="1" ind1="0" tag="519"><subfield code="a">Aachen, FH, Bachelorarbeit, 2009</subfield></datafield></record>