<record format="MarcXchange" type="Bibliographic"><leader>00000     2200000   000 </leader><controlfield tag="001">121608</controlfield><controlfield tag="002">12.04.1994</controlfield><controlfield tag="003">16.04.2010</controlfield><datafield ind2="1" ind1="9" tag="904"><subfield code="a">145238</subfield></datafield><datafield ind2="1" ind1="9" tag="905"><subfield code="a">94/0000794</subfield></datafield><datafield ind2="2" ind1="9" tag="905"><subfield code="a">94/0000795</subfield></datafield><datafield ind2="1" ind1="9" tag="909"><subfield code="a">HBZ</subfield></datafield><datafield ind2="1" ind1="0" tag="010"><subfield code="a">HT003951409</subfield></datafield><datafield ind2="1" ind1="0" tag="011"><subfield code="a">LL003165618</subfield></datafield><datafield ind2="2" ind1="0" tag="011"><subfield code="a">FAC50000038714-000020</subfield></datafield><datafield ind2="1" ind1="0" tag="014"><subfield code="a">61 XRW 83-10</subfield></datafield><datafield ind2=" " ind1="0" tag="027"><subfield code="a">V</subfield></datafield><datafield ind2=" " ind1="0" tag="036"><subfield code="a">s</subfield></datafield><datafield ind2=" " ind1="0" tag="038"><subfield code="a">y</subfield></datafield><datafield ind2="1" ind1="0" tag="100"><subfield code="a">Osterwinter, Meinolf</subfield></datafield><datafield ind2="1" ind1="0" tag="331"><subfield code="a">Steuerungsorientierte Robotersimulation</subfield></datafield><datafield ind2=" " ind1="0" tag="359"><subfield code="a">Meinolf Osterwinter</subfield></datafield><datafield ind2="1" ind1="0" tag="410"><subfield code="a">Braunschweig [u.a.]</subfield></datafield><datafield ind2="1" ind1="0" tag="412"><subfield code="a">Vieweg</subfield></datafield><datafield ind2=" " ind1="0" tag="425"><subfield code="a">1992</subfield></datafield><datafield ind2="1" ind1="0" tag="433"><subfield code="a">XII, 129 S. : Ill., zahlr. graph. Darst.</subfield></datafield><datafield ind2="1" ind1="0" tag="451"><subfield code="a">Fortschritte der Robotik ; 10</subfield></datafield><datafield ind2="1" ind1="0" tag="453"><subfield code="a">HT003326031</subfield></datafield><datafield ind2="1" ind1="0" tag="455"><subfield code="a">10</subfield></datafield><datafield ind2="1" ind1="0" tag="519"><subfield code="a">Zugl.: Aachen, Techn. Hochsch., Diss., 1991 u.d.T.: Osterwinter, Meinolf: Steuerungsorientiertes Simulationssystem zum Test von Industrieroboterapplikationen</subfield></datafield><datafield ind2="1" ind1="0" tag="540"><subfield code="a">3-528-06443-9</subfield></datafield><datafield ind2="1" ind1="0" tag="542"><subfield code="a">kart. : DM 64.00</subfield></datafield><datafield ind2="1" ind1="0" tag="606"><subfield code="a">Bd</subfield></datafield><datafield ind2="1" ind1="0" tag="700"><subfield code="a">XRW</subfield></datafield><datafield ind2=" " ind1="0" tag="800"><subfield code="a">a</subfield></datafield><datafield ind2="1" ind1="0" tag="902"><subfield code="a">Industrieroboter</subfield></datafield><datafield ind2="2" ind1="0" tag="902"><subfield code="a">Prozesssteuerung</subfield></datafield><datafield ind2="3" ind1="0" tag="902"><subfield code="a">Simulation</subfield></datafield><datafield ind2="1" ind1="0" tag="903"><subfield code="a">213</subfield></datafield><datafield ind2="1" ind1="1" tag="024"><subfield code="a">a|a|||||||||||</subfield></datafield><datafield ind2="2" ind1="1" tag="024"><subfield code="a">a|a||||||||</subfield></datafield><datafield ind2="3" ind1="1" tag="024"><subfield code="a">a|a||||||||</subfield></datafield><datafield ind2="1" ind1="1" tag="672"><subfield code="a">Aachen</subfield></datafield></record>