<record format="MarcXchange" type="Bibliographic"><leader>00000     2200000   000 </leader><controlfield tag="001">410274</controlfield><controlfield tag="002">29.01.2013</controlfield><controlfield tag="003">29.01.2013</controlfield><datafield ind2="1" ind1="0" tag="014"><subfield code="a">61 ET 12-14B</subfield></datafield><datafield ind2="1" ind1="0" tag="015"><subfield code="a">ger</subfield></datafield><datafield ind2="1" ind1="0" tag="029"><subfield code="a">06</subfield></datafield><datafield ind2="1" ind1="0" tag="100"><subfield code="a">Ostrowski, Gregor</subfield></datafield><datafield ind2="1" ind1="0" tag="101"><subfield code="a">Bauschke, Stefan [Betreuer]</subfield></datafield><datafield ind2="1" ind1="0" tag="331"><subfield code="a">Entwicklung, Integration und Anwendung einer Elektromobilitätskomponente zur Simulation ausgewählter Szenarien in SmREN, als Energiespeicher im Stromnetz</subfield></datafield><datafield ind2=" " ind1="0" tag="425"><subfield code="a">2012</subfield></datafield><datafield ind2="1" ind1="0" tag="519"><subfield code="a">Aachen, FH, Bachelorarbeit, 2013</subfield></datafield></record>