<record format="MarcXchange" type="Bibliographic"><leader>00000     2200000   000 </leader><controlfield tag="001">450683</controlfield><controlfield tag="002">15.10.2013</controlfield><datafield ind2="1" ind1="0" tag="014"><subfield code="a">61 P 13-34B</subfield></datafield><datafield ind2="1" ind1="0" tag="015"><subfield code="a">ger</subfield></datafield><datafield ind2="1" ind1="0" tag="029"><subfield code="a">06</subfield></datafield><datafield ind2="1" ind1="0" tag="100"><subfield code="a">Paraguya, Philipp</subfield></datafield><datafield ind2="1" ind1="0" tag="101"><subfield code="a"> Kraft, Bodo [Betreuer]</subfield></datafield><datafield ind2="1" ind1="0" tag="331"><subfield code="a">Anwendungsprozess mit IBM Cognos beispielhaft bei der Gothaer Systems GmbH</subfield></datafield><datafield ind2=" " ind1="0" tag="359"><subfield code="a">in Zusammenarbeit mit: Gothaer Systems GmbH (Oliver Schwenteck)</subfield></datafield><datafield ind2=" " ind1="0" tag="425"><subfield code="a">2013</subfield></datafield><datafield ind2="1" ind1="0" tag="519"><subfield code="a">Aachen, FH, Bachelorarbeit, 2013</subfield></datafield><datafield ind2="1" ind1="0" tag="600"><subfield code="a">für immer unter Verschluss</subfield></datafield></record>