<record format="MarcXchange" type="Bibliographic"><leader>00000     2200000   000 </leader><controlfield tag="001">296390</controlfield><controlfield tag="002">15.09.2011</controlfield><controlfield tag="003">15.09.2011</controlfield><datafield ind2="1" ind1="0" tag="014"><subfield code="a">61 C 11-11B</subfield></datafield><datafield ind2="1" ind1="0" tag="015"><subfield code="a">ger</subfield></datafield><datafield ind2="1" ind1="0" tag="029"><subfield code="a">06</subfield></datafield><datafield ind2="1" ind1="0" tag="100"><subfield code="a">Patt, Anke</subfield></datafield><datafield ind2="1" ind1="0" tag="101"><subfield code="a">Feuerriegel, Uwe [Betreuer]</subfield></datafield><datafield ind2="1" ind1="0" tag="331"><subfield code="a">Optimierungspotentiale bei der Prozessführung von Batch-Destillationsprozessen</subfield></datafield><datafield ind2=" " ind1="0" tag="359"><subfield code="a">in Zusammenarbeit mit: InfraServ Knapsack/Abteilung Engineering (Dr.-Ing. Moritz Wendt)</subfield></datafield><datafield ind2=" " ind1="0" tag="425"><subfield code="a">2011</subfield></datafield><datafield ind2="1" ind1="0" tag="519"><subfield code="a">Aachen, FH, Bachelorarbeit, 2011</subfield></datafield></record>