<record format="MarcXchange" type="Bibliographic"><leader>00000     2200000   000 </leader><controlfield tag="001">400999</controlfield><controlfield tag="002">29.11.2012</controlfield><controlfield tag="003">29.11.2012</controlfield><datafield ind2="1" ind1="0" tag="014"><subfield code="a">61 C 12-28B</subfield></datafield><datafield ind2="1" ind1="0" tag="015"><subfield code="a">ger</subfield></datafield><datafield ind2="1" ind1="0" tag="029"><subfield code="a">06</subfield></datafield><datafield ind2="1" ind1="0" tag="100"><subfield code="a">Paulus, Andreas</subfield></datafield><datafield ind2="1" ind1="0" tag="101"><subfield code="a">Lauth, Günter [Betreuer]</subfield></datafield><datafield ind2="1" ind1="0" tag="331"><subfield code="a">Messung des Kontaktwinkels und der Oberflächenspannung von Wasser und Phosphorsäure in Abhängigkeit von Temperatur und Feuchte auf den Materialien einer HT-PEFC</subfield></datafield><datafield ind2=" " ind1="0" tag="359"><subfield code="a">in Zusammenarbeit mit: Forschungszentrum Jülich/Institut für Energie und Klimaforschung 3 ; Elektrochemische Verfahrenstechnik (Dipl-Phys. Anne Majerus)</subfield></datafield><datafield ind2=" " ind1="0" tag="425"><subfield code="a">2012</subfield></datafield><datafield ind2="1" ind1="0" tag="519"><subfield code="a">Aachen, FH, Bachelorarbeit, 2012</subfield></datafield></record>