<record format="MarcXchange" type="Bibliographic"><leader>00000     2200000   000 </leader><controlfield tag="001">401818</controlfield><controlfield tag="002">12.12.2012</controlfield><datafield ind2="1" ind1="0" tag="014"><subfield code="a">61 C 12-37B</subfield></datafield><datafield ind2="1" ind1="0" tag="015"><subfield code="a">ger</subfield></datafield><datafield ind2="1" ind1="0" tag="029"><subfield code="a">06</subfield></datafield><datafield ind2="1" ind1="0" tag="100"><subfield code="a">Paulussen, Ralf</subfield></datafield><datafield ind2="1" ind1="0" tag="101"><subfield code="a">Schmich, Peter [Betreuer]</subfield></datafield><datafield ind2="1" ind1="0" tag="331"><subfield code="a">Entwicklung einer Methode zur ionenchromatographischen Bestimmung des Gesamtphosphorgehalts in Gewässern</subfield></datafield><datafield ind2=" " ind1="0" tag="359"><subfield code="a">in Zusammenarbeit mit: Forschungszentrum Jülich/Zentralabteilung für chemische Analysen (ZCH) (Dr. S. Willbold)</subfield></datafield><datafield ind2=" " ind1="0" tag="425"><subfield code="a">2012</subfield></datafield><datafield ind2="1" ind1="0" tag="519"><subfield code="a">Aachen, FH, Bachelorarbeit, 2012</subfield></datafield></record>