<record format="MarcXchange" type="Bibliographic"><leader>00000     2200000   000 </leader><controlfield tag="001">295417</controlfield><controlfield tag="002">18.08.2011</controlfield><controlfield tag="003">18.08.2011</controlfield><datafield ind2="1" ind1="0" tag="014"><subfield code="a">61 EU 11-02M</subfield></datafield><datafield ind2="1" ind1="0" tag="015"><subfield code="a">eng</subfield></datafield><datafield ind2="1" ind1="0" tag="029"><subfield code="a">06</subfield></datafield><datafield ind2="1" ind1="0" tag="100"><subfield code="a">Pazhand, Hatef</subfield></datafield><datafield ind2="1" ind1="0" tag="101"><subfield code="a">Hake, Jürgen-Friedrich [Betreuer]</subfield></datafield><datafield ind2="1" ind1="0" tag="331"><subfield code="a">Renewable energy technolgies and technology transfer</subfield></datafield><datafield ind2="1" ind1="0" tag="335"><subfield code="a">Focus on wind and photovoltaic</subfield></datafield><datafield ind2=" " ind1="0" tag="425"><subfield code="a">2011</subfield></datafield><datafield ind2="1" ind1="0" tag="519"><subfield code="a">Aachen, FH, Masterarbeit, 2011</subfield></datafield></record>