<record format="MarcXchange" type="Bibliographic"><leader>00000     2200000   000 </leader><controlfield tag="001">373229</controlfield><controlfield tag="002">10.05.2012</controlfield><datafield ind2="1" ind1="0" tag="014"><subfield code="a">61 ET 11/12-08B</subfield></datafield><datafield ind2="1" ind1="0" tag="015"><subfield code="a">ger</subfield></datafield><datafield ind2="1" ind1="0" tag="029"><subfield code="a">06</subfield></datafield><datafield ind2="1" ind1="0" tag="100"><subfield code="a">Pazvanski, Vasil</subfield></datafield><datafield ind2="1" ind1="0" tag="101"><subfield code="a">Lux, Karl-Josef [Betreuer]</subfield></datafield><datafield ind2="1" ind1="0" tag="331"><subfield code="a">Simulationstechnische Untersuchung von Leistungsbedarf und Wirkungsgrad eines Drehstromantriebes</subfield></datafield><datafield ind2=" " ind1="0" tag="425"><subfield code="a">2011</subfield></datafield><datafield ind2="1" ind1="0" tag="519"><subfield code="a">Aachen, FH, Bachelorarbeit, 2012</subfield></datafield></record>