<record format="MarcXchange" type="Bibliographic"><leader>00000     2200000   000 </leader><controlfield tag="001">249217</controlfield><controlfield tag="002">20.03.2009</controlfield><controlfield tag="003">20.03.2009</controlfield><datafield ind2="1" ind1="0" tag="014"><subfield code="a">61 BMT 08/09-49M</subfield></datafield><datafield ind2="1" ind1="0" tag="015"><subfield code="a">eng</subfield></datafield><datafield ind2="1" ind1="0" tag="029"><subfield code="a">06</subfield></datafield><datafield ind2="1" ind1="0" tag="100"><subfield code="a">Pérez, Juan Carlos</subfield></datafield><datafield ind2="1" ind1="0" tag="101"><subfield code="a">Weber, Hans-Joachim [Betreuer]</subfield></datafield><datafield ind2="1" ind1="0" tag="331"><subfield code="a">Development of a User interface to Control an Electrophysiology Stimulator with a Touchmonitor PC Using an Embedded Environment</subfield></datafield><datafield ind2=" " ind1="0" tag="359"><subfield code="a">in Zusammenarbeit mit: CardioTek B.V. Amerikalaan 70, 6199 AEMaastricht-Airport, The Netherlands (Eng. Leon Dohmen)</subfield></datafield><datafield ind2=" " ind1="0" tag="425"><subfield code="a">2009</subfield></datafield><datafield ind2="1" ind1="0" tag="519"><subfield code="a">Aachen, FH, Masterarbeit, 2009</subfield></datafield></record>