<record format="MarcXchange" type="Bibliographic"><leader>00000     2200000   000 </leader><controlfield tag="001">401819</controlfield><controlfield tag="002">12.12.2012</controlfield><datafield ind2="1" ind1="0" tag="014"><subfield code="a">61 C 12-38B</subfield></datafield><datafield ind2="1" ind1="0" tag="015"><subfield code="a">ger</subfield></datafield><datafield ind2="1" ind1="0" tag="029"><subfield code="a">06</subfield></datafield><datafield ind2="1" ind1="0" tag="100"><subfield code="a">Piglas, Eveline</subfield></datafield><datafield ind2="1" ind1="0" tag="101"><subfield code="a">Biselli, Manfred [Betreuer]</subfield></datafield><datafield ind2="1" ind1="0" tag="331"><subfield code="a">Vergleichende Untersuchungen der Fähigkeit verschiedener Coccolithophoriden-Vertreter zur Synthes definierter mikrostrukturierter Calciumcarbonat-Partikel</subfield></datafield><datafield ind2=" " ind1="0" tag="359"><subfield code="a">in Zusammenarbeit mit: Karlsruher Institut für Technolgie (Dr.-Ing. Nikolay Krumov)</subfield></datafield><datafield ind2=" " ind1="0" tag="425"><subfield code="a">2012</subfield></datafield><datafield ind2="1" ind1="0" tag="519"><subfield code="a">Aachen, FH, Bachelorarbeit, 2012</subfield></datafield><datafield ind2="1" ind1="0" tag="600"><subfield code="a">für immer unter Verschluss</subfield></datafield></record>