<record format="MarcXchange" type="Bibliographic"><leader>00000     2200000   000 </leader><controlfield tag="001">278858</controlfield><controlfield tag="002">26.10.2010</controlfield><controlfield tag="003">15.11.2013</controlfield><datafield ind2="1" ind1="0" tag="014"><subfield code="a">61 P 10-110B</subfield></datafield><datafield ind2="1" ind1="0" tag="015"><subfield code="a">ger</subfield></datafield><datafield ind2="1" ind1="0" tag="029"><subfield code="a">6</subfield></datafield><datafield ind2="1" ind1="0" tag="100"><subfield code="a">Plum, Alexander</subfield></datafield><datafield ind2="1" ind1="0" tag="101"><subfield code="a">Pflug, Hans-Joachim [Betreuer]</subfield></datafield><datafield ind2="1" ind1="0" tag="331"><subfield code="a">Die graphische Abbildung des Höhenmodells am Beispiel des GESI-Geländedatenbasiseditors</subfield></datafield><datafield ind2=" " ind1="0" tag="425"><subfield code="a">2010</subfield></datafield><datafield ind2="1" ind1="0" tag="519"><subfield code="a">Aachen, FH, Bachelorarbeit, 2010</subfield></datafield><datafield ind2="1" ind1="0" tag="600"><subfield code="a">für immer unter Verschluss</subfield></datafield></record>