<record format="MarcXchange" type="Bibliographic"><leader>00000     2200000   000 </leader><controlfield tag="001">379582</controlfield><controlfield tag="002">03.07.2012</controlfield><controlfield tag="003">03.07.2012</controlfield><datafield ind2="1" ind1="0" tag="014"><subfield code="a">61 C 11/12-67B</subfield></datafield><datafield ind2="1" ind1="0" tag="015"><subfield code="a">ger</subfield></datafield><datafield ind2="1" ind1="0" tag="029"><subfield code="a">06</subfield></datafield><datafield ind2="1" ind1="0" tag="100"><subfield code="a">Pollet, Marius</subfield></datafield><datafield ind2="1" ind1="0" tag="101"><subfield code="a">Ruttkowski, Edeltraud [Betreuer]</subfield></datafield><datafield ind2="1" ind1="0" tag="331"><subfield code="a">Etablierung eines Assays zum Hochdurchsatzscreening von Formulierhilsmitteln für die Formulierung von Biological Control Agents und Anwendung des Assays zur Verbesserung von Formulierungen für Metschnikowia fructicola</subfield></datafield><datafield ind2=" " ind1="0" tag="359"><subfield code="a">in Zusammenarbeit mit: Bayer Technology Services (Dr. Kai Temming)</subfield></datafield><datafield ind2=" " ind1="0" tag="425"><subfield code="a">2011</subfield></datafield><datafield ind2="1" ind1="0" tag="519"><subfield code="a">Aachen, FH, Bachelorarbeit, 2012</subfield></datafield><datafield ind2="1" ind1="0" tag="600"><subfield code="a">unter Verschluss bis 2017</subfield></datafield></record>