<record format="MarcXchange" type="Bibliographic"><leader>00000     2200000   000 </leader><controlfield tag="001">248782</controlfield><controlfield tag="002">03.03.2009</controlfield><datafield ind2="1" ind1="0" tag="014"><subfield code="a">61 EU 08/09-11B</subfield></datafield><datafield ind2="1" ind1="0" tag="015"><subfield code="a">ger</subfield></datafield><datafield ind2="1" ind1="0" tag="029"><subfield code="a">06</subfield></datafield><datafield ind2="1" ind1="0" tag="100"><subfield code="a">Poor, Mahdi</subfield></datafield><datafield ind2="1" ind1="0" tag="101"><subfield code="a">Müller, Burghard [Betreuer]</subfield></datafield><datafield ind2="1" ind1="0" tag="331"><subfield code="a">Messung und Bewertung von Dehnungen mittels DMS an Stahlkonstruktionen</subfield></datafield><datafield ind2=" " ind1="0" tag="425"><subfield code="a">2008</subfield></datafield><datafield ind2="1" ind1="0" tag="519"><subfield code="a">Aachen, FH, Bachelorarbeit, 2008</subfield></datafield><datafield ind2="1" ind1="0" tag="600"><subfield code="a">für immer  unter Verschluss</subfield></datafield></record>