<record format="MarcXchange" type="Bibliographic"><leader>00000     2200000   000 </leader><controlfield tag="001">176707</controlfield><controlfield tag="002">22.05.2000</controlfield><controlfield tag="003">28.08.2007</controlfield><datafield ind2="1" ind1="9" tag="904"><subfield code="a">145540</subfield></datafield><datafield ind2="1" ind1="9" tag="905"><subfield code="a">00/0001443</subfield></datafield><datafield ind2="1" ind1="9" tag="909"><subfield code="a">HBZ</subfield></datafield><datafield ind2="1" ind1="0" tag="010"><subfield code="a">HT005014049</subfield></datafield><datafield ind2="1" ind1="0" tag="011"><subfield code="a">HL000057807</subfield></datafield><datafield ind2="1" ind1="0" tag="014"><subfield code="a">61 UIY 70</subfield></datafield><datafield ind2=" " ind1="0" tag="027"><subfield code="a">V</subfield></datafield><datafield ind2="1" ind1="0" tag="030"><subfield code="a">  2-00001</subfield></datafield><datafield ind2="1" ind1="0" tag="031"><subfield code="a">BB6-00/0000272</subfield></datafield><datafield ind2=" " ind1="0" tag="036"><subfield code="a">s</subfield></datafield><datafield ind2=" " ind1="0" tag="038"><subfield code="a">ry</subfield></datafield><datafield ind2="1" ind1="0" tag="100"><subfield code="a">Prieler, Martin</subfield></datafield><datafield ind2="1" ind1="0" tag="331"><subfield code="a">Mechanische Relaxationsmessungen an Al-Metallisierungsschichten</subfield></datafield><datafield ind2=" " ind1="0" tag="359"><subfield code="a">Martin Prieler</subfield></datafield><datafield ind2="1" ind1="0" tag="410"><subfield code="a">Jülich</subfield></datafield><datafield ind2="1" ind1="0" tag="412"><subfield code="a">Forschungszentrum Jülich, Zentralbibliothek</subfield></datafield><datafield ind2=" " ind1="0" tag="425"><subfield code="a">1993</subfield></datafield><datafield ind2="1" ind1="0" tag="433"><subfield code="a">75 S. : Ill., graph. Darst.</subfield></datafield><datafield ind2="1" ind1="0" tag="451"><subfield code="a">Berichte des Forschungszentrums Jülich ; 2780</subfield></datafield><datafield ind2="1" ind1="0" tag="453"><subfield code="a">HT003497233</subfield></datafield><datafield ind2="1" ind1="0" tag="455"><subfield code="a">2780</subfield></datafield><datafield ind2="1" ind1="0" tag="519"><subfield code="a">Zugl.: Aachen, Techn. Hochsch., Diss.</subfield></datafield><datafield ind2="1" ind1="0" tag="556"><subfield code="a">Jül 2780</subfield></datafield><datafield ind2="1" ind1="0" tag="600"><subfield code="a">neu0006</subfield></datafield><datafield ind2="1" ind1="0" tag="606"><subfield code="a">ass/th</subfield></datafield><datafield ind2="1" ind1="0" tag="700"><subfield code="a">UIY</subfield></datafield><datafield ind2=" " ind1="0" tag="800"><subfield code="a">a</subfield></datafield><datafield ind2="1" ind1="1" tag="024"><subfield code="a">a|a|||||||||||</subfield></datafield><datafield ind2="2" ind1="1" tag="024"><subfield code="a">a|a||||||||</subfield></datafield><datafield ind2="1" ind1="1" tag="672"><subfield code="a">Aachen</subfield></datafield></record>