<record format="MarcXchange" type="Bibliographic"><leader>00000     2200000   000 </leader><controlfield tag="001">176706</controlfield><controlfield tag="002">22.05.2000</controlfield><controlfield tag="003">28.08.2007</controlfield><datafield ind2="1" ind1="9" tag="905"><subfield code="a">00/0001444</subfield></datafield><datafield ind2="1" ind1="9" tag="909"><subfield code="a">HBZ</subfield></datafield><datafield ind2="1" ind1="0" tag="010"><subfield code="a">HT012737199</subfield></datafield><datafield ind2="1" ind1="0" tag="011"><subfield code="a">HL000057785</subfield></datafield><datafield ind2="1" ind1="0" tag="014"><subfield code="a">61 UIY 156</subfield></datafield><datafield ind2="1" ind1="0" tag="015"><subfield code="a">ger</subfield></datafield><datafield ind2=" " ind1="0" tag="027"><subfield code="a">V</subfield></datafield><datafield ind2="1" ind1="0" tag="030"><subfield code="a">  2-00001</subfield></datafield><datafield ind2="1" ind1="0" tag="031"><subfield code="a">BB6-00/0000273</subfield></datafield><datafield ind2="1" ind1="0" tag="035"><subfield code="a">DE</subfield></datafield><datafield ind2=" " ind1="0" tag="036"><subfield code="a">m</subfield></datafield><datafield ind2=" " ind1="0" tag="038"><subfield code="a">y</subfield></datafield><datafield ind2="1" ind1="0" tag="100"><subfield code="a">Prieler, Martin</subfield></datafield><datafield ind2="1" ind1="0" tag="331"><subfield code="a">Röntgenanalyse an ionenunterstützt aufgedampften Aluminium-Schichten</subfield></datafield><datafield ind2=" " ind1="0" tag="359"><subfield code="a">von Martin Prieler</subfield></datafield><datafield ind2="1" ind1="0" tag="410"><subfield code="a">Aachen</subfield></datafield><datafield ind2=" " ind1="0" tag="425"><subfield code="a">1989</subfield></datafield><datafield ind2="1" ind1="0" tag="433"><subfield code="a">79 S. : graph. Darst.</subfield></datafield><datafield ind2="1" ind1="0" tag="519"><subfield code="a">Aachen, Techn. Hochsch., Diplomarbeit, 1989</subfield></datafield><datafield ind2="1" ind1="0" tag="600"><subfield code="a">neu0006</subfield></datafield><datafield ind2="1" ind1="0" tag="606"><subfield code="a">ass/th</subfield></datafield><datafield ind2="1" ind1="0" tag="700"><subfield code="a">UIY</subfield></datafield><datafield ind2=" " ind1="0" tag="800"><subfield code="a">a</subfield></datafield><datafield ind2="1" ind1="1" tag="024"><subfield code="a">a|a|||||||||||</subfield></datafield><datafield ind2="2" ind1="1" tag="024"><subfield code="a">a|a||||||||</subfield></datafield><datafield ind2="1" ind1="1" tag="672"><subfield code="a">Aachen</subfield></datafield></record>