<record format="MarcXchange" type="Bibliographic"><leader>00000     2200000   000 </leader><controlfield tag="001">248374</controlfield><controlfield tag="002">17.02.2009</controlfield><controlfield tag="003">17.02.2009</controlfield><datafield ind2="1" ind1="0" tag="014"><subfield code="a">61 EU 08/09-02M</subfield></datafield><datafield ind2="1" ind1="0" tag="015"><subfield code="a">eng</subfield></datafield><datafield ind2="1" ind1="0" tag="029"><subfield code="a">06</subfield></datafield><datafield ind2="1" ind1="0" tag="100"><subfield code="a">Rahbani, Mike</subfield></datafield><datafield ind2="1" ind1="0" tag="101"><subfield code="a">Müller, Burghard [Betreuer]</subfield></datafield><datafield ind2="1" ind1="0" tag="331"><subfield code="a">Investigation of layout and plant concept for steam turbine units with specific focus on reheat processes in solar power plants</subfield></datafield><datafield ind2=" " ind1="0" tag="359"><subfield code="a">in Zusammenarbeit mit: MAN Turbo AG, Oberhausen (Dipl.-Ing. S. Weber)</subfield></datafield><datafield ind2=" " ind1="0" tag="425"><subfield code="a">2008</subfield></datafield><datafield ind2="1" ind1="0" tag="519"><subfield code="a">Aachen, FH, Masterarbeit, 2008</subfield></datafield><datafield ind2="1" ind1="0" tag="600"><subfield code="a">für immer unter Verschluss</subfield></datafield></record>