<record format="MarcXchange" type="Bibliographic"><leader>00000     2200000   000 </leader><controlfield tag="001">296647</controlfield><controlfield tag="002">20.09.2011</controlfield><controlfield tag="003">20.09.2011</controlfield><datafield ind2="1" ind1="0" tag="014"><subfield code="a">61 C 11-20</subfield></datafield><datafield ind2="1" ind1="0" tag="015"><subfield code="a">ger</subfield></datafield><datafield ind2="1" ind1="0" tag="029"><subfield code="a">06</subfield></datafield><datafield ind2="1" ind1="0" tag="100"><subfield code="a">Rahn, Helena</subfield></datafield><datafield ind2="1" ind1="0" tag="101"><subfield code="a">Artmann, Aysegül [Betreuer]</subfield></datafield><datafield ind2="1" ind1="0" tag="331"><subfield code="a">Methoden zur Quantifizierung des sulfierten und des gesamt-Glycosaminoglycangehalts in menschlichen Eihäuten</subfield></datafield><datafield ind2=" " ind1="0" tag="425"><subfield code="a">2011</subfield></datafield><datafield ind2="1" ind1="0" tag="519"><subfield code="a">Aachen, FH, Diplomarbeit, 2011</subfield></datafield><datafield ind2="1" ind1="0" tag="600"><subfield code="a">für immer unter Verschluss</subfield></datafield></record>