<record format="MarcXchange" type="Bibliographic"><leader>00000     2200000   000 </leader><controlfield tag="001">260619</controlfield><controlfield tag="002">22.12.2009</controlfield><datafield ind2="1" ind1="0" tag="014"><subfield code="a">61 EU 09-59B</subfield></datafield><datafield ind2="1" ind1="0" tag="015"><subfield code="a">ger</subfield></datafield><datafield ind2="1" ind1="0" tag="029"><subfield code="a">06</subfield></datafield><datafield ind2="1" ind1="0" tag="100"><subfield code="a">Rajaei, Ali</subfield></datafield><datafield ind2="2" ind1="0" tag="100"><subfield code="a">Yousefimashhour, Mitra</subfield></datafield><datafield ind2="1" ind1="0" tag="101"><subfield code="a">Klocke, Martina [Betreuer]</subfield></datafield><datafield ind2="1" ind1="0" tag="331"><subfield code="a">Ressourcenoptimierte Zerspanung von Aluminium</subfield></datafield><datafield ind2="1" ind1="0" tag="335"><subfield code="a">Optimierungspotenziale in der Fertigung</subfield></datafield><datafield ind2=" " ind1="0" tag="425"><subfield code="a">2009</subfield></datafield><datafield ind2="1" ind1="0" tag="519"><subfield code="a">Aachen, FH, Bachelorarbeit, 2009</subfield></datafield></record>