<record format="MarcXchange" type="Bibliographic"><leader>00000     2200000   000 </leader><controlfield tag="001">279666</controlfield><controlfield tag="002">22.11.2010</controlfield><datafield ind2="1" ind1="0" tag="014"><subfield code="a">61 C 10-57</subfield></datafield><datafield ind2="1" ind1="0" tag="015"><subfield code="a">ger</subfield></datafield><datafield ind2="1" ind1="0" tag="029"><subfield code="a">06</subfield></datafield><datafield ind2="1" ind1="0" tag="100"><subfield code="a">Rajaratnam, Jud-Reginauld</subfield></datafield><datafield ind2="1" ind1="0" tag="101"><subfield code="a">Schäfer, Horst [Betreuer]</subfield></datafield><datafield ind2="1" ind1="0" tag="331"><subfield code="a">Untersuchung der Abhängigkeit zwischen "White Spots" in der Gummisorte 4023/50/grau und "Agglomeraten" im Füllstoff Talkum</subfield></datafield><datafield ind2=" " ind1="0" tag="425"><subfield code="a">2010</subfield></datafield><datafield ind2="1" ind1="0" tag="519"><subfield code="a">Aachen, FH, Diplomarbeit, 2010</subfield></datafield><datafield ind2="1" ind1="0" tag="600"><subfield code="a">für immer unter Verschluss</subfield></datafield></record>