<record format="MarcXchange" type="Bibliographic"><leader>00000     2200000   000 </leader><controlfield tag="001">53431</controlfield><controlfield tag="002">22.02.1991</controlfield><controlfield tag="003">29.06.2006</controlfield><datafield ind2="1" ind1="0" tag="014"><subfield code="a">61 ET 90/91-5</subfield></datafield><datafield ind2="1" ind1="0" tag="015"><subfield code="a">ger</subfield></datafield><datafield ind2="1" ind1="0" tag="100"><subfield code="a">Rajczak, Frank</subfield></datafield><datafield ind2="1" ind1="0" tag="101"><subfield code="a">Hövelmann, Friedhelm &amp; Jansen, Werner [Betreuer]</subfield></datafield><datafield ind2="1" ind1="0" tag="331"><subfield code="a">Entwicklung und Aufbau einer Versuchseinrichtung zur Bestimmung derFeuchte vonGasen</subfield></datafield><datafield ind2=" " ind1="0" tag="425"><subfield code="a">1991</subfield></datafield><datafield ind2="1" ind1="0" tag="519"><subfield code="a">Aachen, Fachhochschule, Diplomarbeit, 1991</subfield></datafield></record>