<record format="MarcXchange" type="Bibliographic"><leader>00000     2200000   000 </leader><controlfield tag="001">257941</controlfield><controlfield tag="002">08.10.2009</controlfield><controlfield tag="003">08.10.2009</controlfield><datafield ind2="1" ind1="0" tag="014"><subfield code="a">61 P 09-36M</subfield></datafield><datafield ind2="1" ind1="0" tag="015"><subfield code="a">eng</subfield></datafield><datafield ind2="1" ind1="0" tag="029"><subfield code="a">06</subfield></datafield><datafield ind2="1" ind1="0" tag="100"><subfield code="a">Rambadt, Michael</subfield></datafield><datafield ind2="1" ind1="0" tag="101"><subfield code="a">Reißel, Martin [Betreuer]</subfield></datafield><datafield ind2="1" ind1="0" tag="331"><subfield code="a">Monitoring of web services using UNICORE 6 as an example</subfield></datafield><datafield ind2=" " ind1="0" tag="359"><subfield code="a">in Zusammenarbeit mit: Forschungszentrum Jülich GmbH/Jülich Supercomputing Centre (JSC) (Dipl.-Inform. M. Romberg)</subfield></datafield><datafield ind2=" " ind1="0" tag="425"><subfield code="a">20009</subfield></datafield><datafield ind2="1" ind1="0" tag="519"><subfield code="a">Aachen, FH, Masterarbeit, 2009</subfield></datafield></record>