<record format="MarcXchange" type="Bibliographic"><leader>00000     2200000   000 </leader><controlfield tag="001">414665</controlfield><controlfield tag="002">11.03.2013</controlfield><controlfield tag="003">11.03.2013</controlfield><datafield ind2="1" ind1="0" tag="014"><subfield code="a">61 BMT 12/13-70B</subfield></datafield><datafield ind2="1" ind1="0" tag="015"><subfield code="a">ger</subfield></datafield><datafield ind2="1" ind1="0" tag="029"><subfield code="a">06</subfield></datafield><datafield ind2="1" ind1="0" tag="100"><subfield code="a">Rehra, Josua</subfield></datafield><datafield ind2="1" ind1="0" tag="101"><subfield code="a">Staat, Manfred [Betreuer]</subfield></datafield><datafield ind2="1" ind1="0" tag="331"><subfield code="a">Geometrische und biomechanische Eigenschaften der Atemwege von Schaf und Schwein</subfield></datafield><datafield ind2=" " ind1="0" tag="359"><subfield code="a">in Zusammenarbeit mit: RWTH Aachen und Universitätsklinikum Aachen/Helmholtz-Institut ; Institut für Angewandte Medizintechnik Lehr- und Forschungsgebiet Tissue Engineering &amp; Textile Implants (Dr. med. Christian Cornelissen)</subfield></datafield><datafield ind2=" " ind1="0" tag="425"><subfield code="a">2012</subfield></datafield><datafield ind2="1" ind1="0" tag="519"><subfield code="a">Aachen, FH, Bachelorarbeit, 2013</subfield></datafield></record>