<record format="MarcXchange" type="Bibliographic"><leader>00000     2200000   000 </leader><controlfield tag="001">264107</controlfield><controlfield tag="002">01.04.2010</controlfield><datafield ind2="1" ind1="0" tag="014"><subfield code="a">61 C 09/10-71</subfield></datafield><datafield ind2="1" ind1="0" tag="015"><subfield code="a">ger</subfield></datafield><datafield ind2="1" ind1="0" tag="029"><subfield code="a">06</subfield></datafield><datafield ind2="1" ind1="0" tag="100"><subfield code="a">Reimann, Marc </subfield></datafield><datafield ind2="1" ind1="0" tag="101"><subfield code="a">Baumann, Marcus [Betreuer]</subfield></datafield><datafield ind2="1" ind1="0" tag="331"><subfield code="a">Erstellung einer LabVIEW-basierten Mess-, Steuer- und Regelsoftware für eine Biogasversuchsanlage mit sechs Fermentern</subfield></datafield><datafield ind2=" " ind1="0" tag="425"><subfield code="a">2010</subfield></datafield><datafield ind2="1" ind1="0" tag="519"><subfield code="a">Aachen, Diplomarbeit, 2010</subfield></datafield></record>