<record format="MarcXchange" type="Bibliographic"><leader>00000     2200000   000 </leader><controlfield tag="001">467518</controlfield><controlfield tag="002">05.12.2013</controlfield><datafield ind2="1" ind1="0" tag="014"><subfield code="a">61 EU 13/14-13B</subfield></datafield><datafield ind2="1" ind1="0" tag="015"><subfield code="a">ger</subfield></datafield><datafield ind2="1" ind1="0" tag="029"><subfield code="a">06</subfield></datafield><datafield ind2="1" ind1="0" tag="100"><subfield code="a">Reimer, Andreas</subfield></datafield><datafield ind2="1" ind1="0" tag="101"><subfield code="a">Blum, Ludger [Betreuer]</subfield></datafield><datafield ind2="1" ind1="0" tag="331"><subfield code="a">Planung und Auslegung eines Prüfstandes zur Untersuchung der Rußbildungskinetik in SOFC Brennstoffzellensystemen</subfield></datafield><datafield ind2=" " ind1="0" tag="359"><subfield code="a">in Zusammenarbeit mit: RWTH Aachen/Oel-Waerme-Institut GmbH (Dipl.-Ing. Matthias Scherf)</subfield></datafield><datafield ind2=" " ind1="0" tag="425"><subfield code="a">2013</subfield></datafield><datafield ind2="1" ind1="0" tag="519"><subfield code="a">Aachen, FH, Bachelorarbeit, 2013</subfield></datafield></record>