<record format="MarcXchange" type="Bibliographic"><leader>00000     2200000   000 </leader><controlfield tag="001">300038</controlfield><controlfield tag="002">23.11.2011</controlfield><datafield ind2="1" ind1="0" tag="014"><subfield code="a">61 EU 11-46B</subfield></datafield><datafield ind2="1" ind1="0" tag="015"><subfield code="a">ger</subfield></datafield><datafield ind2="1" ind1="0" tag="029"><subfield code="a">06</subfield></datafield><datafield ind2="1" ind1="0" tag="100"><subfield code="a">Reinbold, Ferdinand</subfield></datafield><datafield ind2="1" ind1="0" tag="101"><subfield code="a">Neubauer, Boris [Betreuer]</subfield></datafield><datafield ind2="1" ind1="0" tag="331"><subfield code="a">Erweiterte Bereitstellung von Wirkleistungssekundenreserve im Block RDK 7</subfield></datafield><datafield ind2=" " ind1="0" tag="359"><subfield code="a">in Zusammenarbeit mit: Fa. EBW Kraftwerke AG (Dipl.-Ing. Theodor Kinn)</subfield></datafield><datafield ind2=" " ind1="0" tag="425"><subfield code="a">2011</subfield></datafield><datafield ind2="1" ind1="0" tag="519"><subfield code="a">Aachen, FH, Bachelorarbeit, 2011</subfield></datafield><datafield ind2="1" ind1="0" tag="600"><subfield code="a">für immer  unter Verschluss</subfield></datafield></record>