<record format="MarcXchange" type="Bibliographic"><leader>00000     2200000   000 </leader><controlfield tag="001">450887</controlfield><controlfield tag="002">18.10.2013</controlfield><controlfield tag="003">18.10.2013</controlfield><datafield ind2="1" ind1="0" tag="014"><subfield code="a">61 EU 12/13-50M</subfield></datafield><datafield ind2="1" ind1="0" tag="015"><subfield code="a">eng</subfield></datafield><datafield ind2="1" ind1="0" tag="029"><subfield code="a">06</subfield></datafield><datafield ind2="1" ind1="0" tag="100"><subfield code="a">Rendón Díaz, Carlos</subfield></datafield><datafield ind2="1" ind1="0" tag="101"><subfield code="a">Hoffschmidt, Bernhard [Betreuer]</subfield></datafield><datafield ind2="1" ind1="0" tag="331"><subfield code="a">Modelling and Simulation of the Parabolic Trough Solar Thermal Power Plant Andasol 3</subfield></datafield><datafield ind2=" " ind1="0" tag="425"><subfield code="a">2012</subfield></datafield><datafield ind2="1" ind1="0" tag="519"><subfield code="a">Aachen, FH, Masterarbeit, 2013</subfield></datafield><datafield ind2="1" ind1="0" tag="600"><subfield code="a">für immer unter Verschluss</subfield></datafield></record>