<record format="MarcXchange" type="Bibliographic"><leader>00000     2200000   000 </leader><controlfield tag="001">467056</controlfield><controlfield tag="002">27.11.2013</controlfield><controlfield tag="003">27.11.2013</controlfield><datafield ind2="1" ind1="0" tag="014"><subfield code="a">61 EU 11-59</subfield></datafield><datafield ind2="1" ind1="0" tag="015"><subfield code="a">ger</subfield></datafield><datafield ind2="1" ind1="0" tag="029"><subfield code="a">06</subfield></datafield><datafield ind2="1" ind1="0" tag="100"><subfield code="a">Retzlaff, Thorsten</subfield></datafield><datafield ind2="1" ind1="0" tag="101"><subfield code="a">Schwarzer, Klemens [Betreuer]</subfield></datafield><datafield ind2="1" ind1="0" tag="331"><subfield code="a">Konstruktion, Aufbau, Vermessung und Vergleich von zwei solarthermischen Entsalzungssystemen</subfield></datafield><datafield ind2=" " ind1="0" tag="425"><subfield code="a">2011</subfield></datafield><datafield ind2="1" ind1="0" tag="519"><subfield code="a">Aachen, FH, DIplomarbeit, 2013</subfield></datafield><datafield ind2="1" ind1="0" tag="600"><subfield code="a">für immer unter Verschluss</subfield></datafield></record>