<record format="MarcXchange" type="Bibliographic"><leader>00000     2200000   000 </leader><controlfield tag="001">506601</controlfield><controlfield tag="002">18.09.2014</controlfield><datafield ind2="1" ind1="0" tag="014"><subfield code="a">61 BMT 14-35M</subfield></datafield><datafield ind2="1" ind1="0" tag="015"><subfield code="a">ger</subfield></datafield><datafield ind2="1" ind1="0" tag="029"><subfield code="a">06</subfield></datafield><datafield ind2="1" ind1="0" tag="100"><subfield code="a">Rible, Sebastian</subfield></datafield><datafield ind2="1" ind1="0" tag="101"><subfield code="a">Behbahani, Mehdi [Betreuer]</subfield></datafield><datafield ind2="1" ind1="0" tag="331"><subfield code="a">Numerische Strömungsanalyse der zentrifugalen Blutpumpe der U.S. food and Drug Administration unter Verwendung des Supercomputer JUQUEEN</subfield></datafield><datafield ind2=" " ind1="0" tag="425"><subfield code="a">2014</subfield></datafield><datafield ind2="1" ind1="0" tag="519"><subfield code="a">Aachen, FH, Masterarbeit, 2014</subfield></datafield></record>