<record format="MarcXchange" type="Bibliographic"><leader>00000     2200000   000 </leader><controlfield tag="001">498854</controlfield><controlfield tag="002">27.06.2014</controlfield><controlfield tag="003">27.06.2014</controlfield><datafield ind2="1" ind1="0" tag="014"><subfield code="a">61 EU 14-10M</subfield></datafield><datafield ind2="1" ind1="0" tag="015"><subfield code="a">eng</subfield></datafield><datafield ind2="1" ind1="0" tag="029"><subfield code="a">06</subfield></datafield><datafield ind2="1" ind1="0" tag="100"><subfield code="a">Rizwan, Rizwan</subfield></datafield><datafield ind2="1" ind1="0" tag="101"><subfield code="a">Helsper, Christoph [Betreuer]</subfield></datafield><datafield ind2="1" ind1="0" tag="331"><subfield code="a">Modelling and Simulation of Tube Register Storages for Process Heat Application</subfield></datafield><datafield ind2=" " ind1="0" tag="359"><subfield code="a">in Zusammenarbeit mit: Deutsche Zentrum für Luft und Raumfahrt/Institut für Technical Thermodynamics ; Department of Thermal Processf Technology (Dipl.-Ing. Matthias Hempel)</subfield></datafield><datafield ind2=" " ind1="0" tag="425"><subfield code="a">2014</subfield></datafield><datafield ind2="1" ind1="0" tag="519"><subfield code="a">Aachen, FH, Masterarbeit, 2014</subfield></datafield></record>