<record format="MarcXchange" type="Bibliographic"><leader>00000     2200000   000 </leader><controlfield tag="001">303349</controlfield><controlfield tag="002">31.01.2012</controlfield><controlfield tag="003">31.01.2012</controlfield><datafield ind2="1" ind1="0" tag="014"><subfield code="a">61 C 11/12-27B</subfield></datafield><datafield ind2="1" ind1="0" tag="015"><subfield code="a">ger</subfield></datafield><datafield ind2="1" ind1="0" tag="029"><subfield code="a">06</subfield></datafield><datafield ind2="1" ind1="0" tag="100"><subfield code="a">Rolf, Theresa</subfield></datafield><datafield ind2="1" ind1="0" tag="101"><subfield code="a">Ruttkowski, Edeltraud [Betreuer]</subfield></datafield><datafield ind2="1" ind1="0" tag="331"><subfield code="a">Untersuchungen zur heterologen Synthese von löslichen Varianten der Kex2-Protease in der methylotrophen Hefe Hansenula polymorpha</subfield></datafield><datafield ind2=" " ind1="0" tag="359"><subfield code="a">in Zusammenarbeit mit: ARTES Biotechnology GmbH (Dr. Manfred Suckow)</subfield></datafield><datafield ind2=" " ind1="0" tag="425"><subfield code="a">2011</subfield></datafield><datafield ind2="1" ind1="0" tag="519"><subfield code="a">Aachen, FH, Bachelorarbeit, 2012</subfield></datafield><datafield ind2="1" ind1="0" tag="600"><subfield code="a">unter Verschluss bis 2022</subfield></datafield></record>