<record format="MarcXchange" type="Bibliographic"><leader>00000     2200000   000 </leader><controlfield tag="001">468276</controlfield><controlfield tag="002">13.12.2013</controlfield><datafield ind2="1" ind1="0" tag="014"><subfield code="a">61 ET 13/14-05B</subfield></datafield><datafield ind2="1" ind1="0" tag="015"><subfield code="a">ger</subfield></datafield><datafield ind2="1" ind1="0" tag="029"><subfield code="a">06</subfield></datafield><datafield ind2="1" ind1="0" tag="100"><subfield code="a">Römer, Sebastian</subfield></datafield><datafield ind2="1" ind1="0" tag="101"><subfield code="a">Bauschke, Stefan [Betreuer]</subfield></datafield><datafield ind2="1" ind1="0" tag="331"><subfield code="a">Ausarbeitung eines Konzeptes für einen vollautomatischen Absetzerbetrieb im Tagebau Garzweiler am Beispiel des Absetzers 750</subfield></datafield><datafield ind2=" " ind1="0" tag="359"><subfield code="a">in Zusammenarbeit mit: RWE Power Aktiengesellschaft, Frechen/Sparte Tagebauer Technikzentrum Tagebaue ; Hauptwerkstatt Elektrotechnik Förderanlagen (POT-EB) (Dipl.-Ing. Patric Zapp)</subfield></datafield><datafield ind2=" " ind1="0" tag="425"><subfield code="a">2013</subfield></datafield><datafield ind2="1" ind1="0" tag="519"><subfield code="a">Aachen, FH, Bachelorarbeit, 2013</subfield></datafield></record>