<record format="MarcXchange" type="Bibliographic"><leader>00000     2200000   000 </leader><controlfield tag="001">261697</controlfield><controlfield tag="002">01.02.2010</controlfield><datafield ind2="1" ind1="0" tag="014"><subfield code="a">61 C 09/10-11</subfield></datafield><datafield ind2="1" ind1="0" tag="015"><subfield code="a">ger</subfield></datafield><datafield ind2="1" ind1="0" tag="029"><subfield code="a">06</subfield></datafield><datafield ind2="1" ind1="0" tag="100"><subfield code="a">Rose, Jennifer</subfield></datafield><datafield ind2="1" ind1="0" tag="101"><subfield code="a">Scherer, Ulrich [Betreuer]</subfield></datafield><datafield ind2="1" ind1="0" tag="331"><subfield code="a">Bestimmung der Photopeak-Effizienz eines HPGe-Detektors im Energieberiech 0,05 - 10 MeV für die Prompt-Gamma-Neutronen-Aktivierungs-Analyse</subfield></datafield><datafield ind2=" " ind1="0" tag="359"><subfield code="a">in Zusammenarbeit mit: Forschungszentrum Jülich GmbH/Institut für Sicherheitsforschung und Reaktortechnik (IEF-6) (Dr. rer. nat. Eric Mauerhofer)</subfield></datafield><datafield ind2=" " ind1="0" tag="425"><subfield code="a">2009</subfield></datafield><datafield ind2="1" ind1="0" tag="519"><subfield code="a">Aachen, FH, Diplomarbeit, 2009</subfield></datafield></record>