<record format="MarcXchange" type="Bibliographic"><leader>00000     2200000   000 </leader><controlfield tag="001">406812</controlfield><controlfield tag="002">03.01.2013</controlfield><controlfield tag="003">03.01.2013</controlfield><datafield ind2="1" ind1="0" tag="014"><subfield code="a">61 P 12-106M</subfield></datafield><datafield ind2="1" ind1="0" tag="015"><subfield code="a">eng</subfield></datafield><datafield ind2="1" ind1="0" tag="029"><subfield code="a">06</subfield></datafield><datafield ind2="1" ind1="0" tag="100"><subfield code="a">Rosenkranz, Beate</subfield></datafield><datafield ind2="1" ind1="0" tag="101"><subfield code="a">Rateike, Franz-Matthias [Betreuer]</subfield></datafield><datafield ind2="1" ind1="0" tag="331"><subfield code="a">Simulation of beam propagation during coagulation of wound dressings</subfield></datafield><datafield ind2=" " ind1="0" tag="359"><subfield code="a">in Zusammenarbeit mit: Fraunhofer Institut für Lasertechnik, Aachen (Dr. M. Wehner)</subfield></datafield><datafield ind2=" " ind1="0" tag="425"><subfield code="a">2012</subfield></datafield><datafield ind2="1" ind1="0" tag="519"><subfield code="a">Aachen, FH, Masterarbeit, 2013</subfield></datafield></record>