<record format="MarcXchange" type="Bibliographic"><leader>00000     2200000   000 </leader><controlfield tag="001">433578</controlfield><controlfield tag="002">25.06.2013</controlfield><datafield ind2="1" ind1="0" tag="014"><subfield code="a">61 EU 12/13-33M</subfield></datafield><datafield ind2="1" ind1="0" tag="015"><subfield code="a">ger</subfield></datafield><datafield ind2="1" ind1="0" tag="029"><subfield code="a">06</subfield></datafield><datafield ind2="1" ind1="0" tag="100"><subfield code="a">Rost, Florian</subfield></datafield><datafield ind2="1" ind1="0" tag="101"><subfield code="a">Helsper, Christoph [Betreuer]</subfield></datafield><datafield ind2="1" ind1="0" tag="331"><subfield code="a">Entwicklung und Konstruktion einer elektronischen Bi-Fuel Drosselklappe für kleinvolumige Ottomotoren</subfield></datafield><datafield ind2=" " ind1="0" tag="359"><subfield code="a">in Zusammenarbeit mit: ISATEC GmbH, Aachen (Dr.-Ing. Ernst August Werner)</subfield></datafield><datafield ind2=" " ind1="0" tag="425"><subfield code="a">2013</subfield></datafield><datafield ind2="1" ind1="0" tag="519"><subfield code="a">Aachen, FH, Masterarbeit, 2013</subfield></datafield><datafield ind2="1" ind1="0" tag="600"><subfield code="a">für immer unter Verschluss</subfield></datafield></record>