<record format="MarcXchange" type="Bibliographic"><leader>00000     2200000   000 </leader><controlfield tag="001">447116</controlfield><controlfield tag="002">09.09.2013</controlfield><controlfield tag="003">09.09.2013</controlfield><datafield ind2="1" ind1="0" tag="014"><subfield code="a">61 EU 13-03M</subfield></datafield><datafield ind2="1" ind1="0" tag="015"><subfield code="a">ger</subfield></datafield><datafield ind2="1" ind1="0" tag="029"><subfield code="a">06</subfield></datafield><datafield ind2="1" ind1="0" tag="100"><subfield code="a">Rupp, Matthias</subfield></datafield><datafield ind2="1" ind1="0" tag="101"><subfield code="a">Neubauer, Boris [Betreuer]</subfield></datafield><datafield ind2="1" ind1="0" tag="331"><subfield code="a">Optimierung des bestehenden Systems zur Luftspaltüberwachung eines fremderregten Synchrongenerators einer getriebelosen Windenergieanlage</subfield></datafield><datafield ind2=" " ind1="0" tag="359"><subfield code="a">in Zusammenarbeit mit: ENERCON GmbH, Aurich (Dipl.-Ing. Arno Hildebrand)</subfield></datafield><datafield ind2=" " ind1="0" tag="425"><subfield code="a">2013</subfield></datafield><datafield ind2="1" ind1="0" tag="519"><subfield code="a">Aachen, FH, Masterarbeit, 2013</subfield></datafield><datafield ind2="1" ind1="0" tag="600"><subfield code="a">für immer unter Verschluss</subfield></datafield></record>