<record format="MarcXchange" type="Bibliographic"><leader>00000     2200000   000 </leader><controlfield tag="001">249146</controlfield><controlfield tag="002">17.03.2009</controlfield><datafield ind2="1" ind1="0" tag="014"><subfield code="a">61 BMT 08/09-42</subfield></datafield><datafield ind2="1" ind1="0" tag="015"><subfield code="a">ger</subfield></datafield><datafield ind2="1" ind1="0" tag="029"><subfield code="a">06</subfield></datafield><datafield ind2="1" ind1="0" tag="100"><subfield code="a">Sadehvand, Hemaseh</subfield></datafield><datafield ind2="1" ind1="0" tag="101"><subfield code="a">Staat, Manfred [Betreuer]</subfield></datafield><datafield ind2="1" ind1="0" tag="331"><subfield code="a">Messungen und Deutungen von mechanischen Wiederständen in tierischen Geweben</subfield></datafield><datafield ind2=" " ind1="0" tag="359"><subfield code="a">in Zusammenarbeit mit: Uniklinikum Aachen (Dr. med. Dipl.-Ing. Ntouba)</subfield></datafield><datafield ind2=" " ind1="0" tag="425"><subfield code="a">2008</subfield></datafield><datafield ind2="1" ind1="0" tag="519"><subfield code="a">Aachen, FH, Diplomarbeit, 2008</subfield></datafield></record>