<record format="MarcXchange" type="Bibliographic"><leader>00000     2200000   000 </leader><controlfield tag="001">406851</controlfield><controlfield tag="002">04.01.2013</controlfield><datafield ind2="1" ind1="0" tag="014"><subfield code="a">61 P 12-120M</subfield></datafield><datafield ind2="1" ind1="0" tag="015"><subfield code="a">ger</subfield></datafield><datafield ind2="1" ind1="0" tag="029"><subfield code="a">06</subfield></datafield><datafield ind2="1" ind1="0" tag="100"><subfield code="a">Salden, Daniel</subfield></datafield><datafield ind2="1" ind1="0" tag="101"><subfield code="a">Hillen, Walter [Betreuer]</subfield></datafield><datafield ind2="1" ind1="0" tag="331"><subfield code="a">Dichtebestimmung von Menschenmassen unabhängig von der Kameraausrichtung</subfield></datafield><datafield ind2=" " ind1="0" tag="425"><subfield code="a">2012</subfield></datafield><datafield ind2="1" ind1="0" tag="519"><subfield code="a">Aachen, FH, Masterarbeit, 2013</subfield></datafield></record>