<record format="MarcXchange" type="Bibliographic"><leader>00000     2200000   000 </leader><controlfield tag="001">262430</controlfield><controlfield tag="002">22.02.2010</controlfield><controlfield tag="003">22.02.2010</controlfield><datafield ind2="1" ind1="0" tag="014"><subfield code="a">61 P 09/10-25B</subfield></datafield><datafield ind2="1" ind1="0" tag="015"><subfield code="a">ger</subfield></datafield><datafield ind2="1" ind1="0" tag="029"><subfield code="a">06</subfield></datafield><datafield ind2="1" ind1="0" tag="100"><subfield code="a">Salonen, Sebastian</subfield></datafield><datafield ind2="1" ind1="0" tag="101"><subfield code="a">Hoffmann, Jobst [Betreuer]</subfield></datafield><datafield ind2="1" ind1="0" tag="331"><subfield code="a">Integration und Automatisierung von Layoutaufgaben in der Implementierung eines graphischen Editors für K3-Netze</subfield></datafield><datafield ind2=" " ind1="0" tag="425"><subfield code="a">2009</subfield></datafield><datafield ind2="1" ind1="0" tag="519"><subfield code="a">Aachen, FH, Bachelorarbeit, 2009</subfield></datafield></record>