<record format="MarcXchange" type="Bibliographic"><leader>00000     2200000   000 </leader><controlfield tag="001">263300</controlfield><controlfield tag="002">09.03.2010</controlfield><datafield ind2="1" ind1="0" tag="014"><subfield code="a">61 C 09/10-34</subfield></datafield><datafield ind2="1" ind1="0" tag="015"><subfield code="a">ger</subfield></datafield><datafield ind2="1" ind1="0" tag="029"><subfield code="a">06</subfield></datafield><datafield ind2="1" ind1="0" tag="100"><subfield code="a">Sasonow, Sebastian</subfield></datafield><datafield ind2="1" ind1="0" tag="101"><subfield code="a">Scherer, Ulrich [Betreuer]</subfield></datafield><datafield ind2="1" ind1="0" tag="331"><subfield code="a">Messung von Tritium und Kohlenstoff-14 in Mischabfällen aus kerntechnischen Anlagen</subfield></datafield><datafield ind2=" " ind1="0" tag="425"><subfield code="a">2009</subfield></datafield><datafield ind2="1" ind1="0" tag="519"><subfield code="a">Aachen, FH, Diplomarbeit, 2009</subfield></datafield></record>