<record format="MarcXchange" type="Bibliographic"><leader>00000     2200000   000 </leader><controlfield tag="001">300695</controlfield><controlfield tag="002">05.12.2011</controlfield><controlfield tag="003">05.12.2011</controlfield><datafield ind2="1" ind1="0" tag="014"><subfield code="a">61 EU 11-50B</subfield></datafield><datafield ind2="1" ind1="0" tag="015"><subfield code="a">ger</subfield></datafield><datafield ind2="1" ind1="0" tag="029"><subfield code="a">06</subfield></datafield><datafield ind2="1" ind1="0" tag="100"><subfield code="a">Sayin, Süleyman</subfield></datafield><datafield ind2="1" ind1="0" tag="101"><subfield code="a">Brüssermann, Klaus [Betreuer]</subfield></datafield><datafield ind2="1" ind1="0" tag="331"><subfield code="a">Ermittlung der Ursachen für Leistungsunterschiede der baugleichen Braunkohlekraftwerksblöcke G und H, Weisweiler mit Unterstützung des Kreislaufberechnungsprogramms Ebsilon®</subfield></datafield><datafield ind2="1" ind1="0" tag="341"><subfield code="a">Analysis of differences in performance of the identical G and H power plant units at the site Weisweiler based on the cycle calculation program Ebsilon</subfield></datafield><datafield ind2=" " ind1="0" tag="359"><subfield code="a">in Zusammenarbeit mit: RWE Power AG, Technische Dienste/ Instandhaltungsprojekte  Frimmersdorf/Abteilung Maschinentechnik (Dipl.-Ing. Otto Ax)</subfield></datafield><datafield ind2=" " ind1="0" tag="425"><subfield code="a">2011</subfield></datafield><datafield ind2="1" ind1="0" tag="519"><subfield code="a">Aachen, FH, Bachelorarbeit, 2011</subfield></datafield></record>