<record format="MarcXchange" type="Bibliographic"><leader>00000     2200000   000 </leader><controlfield tag="001">254585</controlfield><controlfield tag="002">09.07.2009</controlfield><datafield ind2="1" ind1="0" tag="014"><subfield code="a">61 EU 09-11</subfield></datafield><datafield ind2="1" ind1="0" tag="015"><subfield code="a">ger</subfield></datafield><datafield ind2="1" ind1="0" tag="029"><subfield code="a">06</subfield></datafield><datafield ind2="1" ind1="0" tag="100"><subfield code="a">Schäffl, Daniel</subfield></datafield><datafield ind2="1" ind1="0" tag="101"><subfield code="a">Faber, Christian [Betreuer]</subfield></datafield><datafield ind2="1" ind1="0" tag="331"><subfield code="a">Technische und wirtschaftliche Machbarkeit eines Windkraftanlagen-Repowering des Standortes Vetschau</subfield></datafield><datafield ind2=" " ind1="0" tag="425"><subfield code="a">2009</subfield></datafield><datafield ind2="1" ind1="0" tag="519"><subfield code="a">Aachen, FH, Diplomarbeit, 2009</subfield></datafield><datafield ind2="1" ind1="0" tag="600"><subfield code="a">für immer unter Verschluss</subfield></datafield></record>