<record format="MarcXchange" type="Bibliographic"><leader>00000     2200000   000 </leader><controlfield tag="001">258347</controlfield><controlfield tag="002">22.10.2009</controlfield><datafield ind2="1" ind1="0" tag="014"><subfield code="a">61 BMT 09-55</subfield></datafield><datafield ind2="1" ind1="0" tag="015"><subfield code="a">ger</subfield></datafield><datafield ind2="1" ind1="0" tag="029"><subfield code="a">06</subfield></datafield><datafield ind2="1" ind1="0" tag="100"><subfield code="a">Schaffrath, Sophie</subfield></datafield><datafield ind2="1" ind1="0" tag="101"><subfield code="a">Schöning, Michael [Betreuer]</subfield></datafield><datafield ind2="1" ind1="0" tag="331"><subfield code="a">Untersuchungen an EIS- (Elektrolyt/Isolator/Halbleiter) Strukturen für mögliche Arrayaordnungen am Beispiel der Penicillin- und Cd2+/Pb2+-Detektion</subfield></datafield><datafield ind2=" " ind1="0" tag="359"><subfield code="a">in Zusammenarbeit mit: Forschungszentrum Jülich GmbH (Dipl.-Ing. F. Rufi) ; (Christian Bürkert GmbH &amp; Co. KG (Dipl.-Ing. H. Spelthahn)</subfield></datafield><datafield ind2=" " ind1="0" tag="425"><subfield code="a">2009</subfield></datafield><datafield ind2="1" ind1="0" tag="519"><subfield code="a">Aachen, FH, Diplomarbeit, 2009</subfield></datafield></record>