<record format="MarcXchange" type="Bibliographic"><leader>00000     2200000   000 </leader><controlfield tag="001">143591</controlfield><controlfield tag="002">05.03.1997</controlfield><controlfield tag="003">11.02.2011</controlfield><datafield ind2="1" ind1="9" tag="905"><subfield code="a">Bl.107/0002058</subfield></datafield><datafield ind2="1" ind1="9" tag="909"><subfield code="a">HBZ</subfield></datafield><datafield ind2="1" ind1="0" tag="010"><subfield code="a">HT002676941</subfield></datafield><datafield ind2="1" ind1="0" tag="011"><subfield code="a">LL004514173</subfield></datafield><datafield ind2="1" ind1="0" tag="014"><subfield code="a">61 UUO 30</subfield></datafield><datafield ind2="1" ind1="0" tag="015"><subfield code="a">ger</subfield></datafield><datafield ind2=" " ind1="0" tag="027"><subfield code="a">V</subfield></datafield><datafield ind2="1" ind1="0" tag="035"><subfield code="a">XA-DE</subfield></datafield><datafield ind2=" " ind1="0" tag="036"><subfield code="a">m</subfield></datafield><datafield ind2=" " ind1="0" tag="038"><subfield code="a">y</subfield></datafield><datafield ind2="1" ind1="0" tag="100"><subfield code="a">Scharf, Emil</subfield></datafield><datafield ind2="1" ind1="0" tag="331"><subfield code="a">Über Tieftemperatur-Fluorierungen</subfield></datafield><datafield ind2="1" ind1="0" tag="335"><subfield code="a">(Synthese von CF 3 JF 2, JF 3, JF, JCLF und JCLF 2)</subfield></datafield><datafield ind2=" " ind1="0" tag="359"><subfield code="a">von Emil Scharf</subfield></datafield><datafield ind2=" " ind1="0" tag="425"><subfield code="a">1960</subfield></datafield><datafield ind2="1" ind1="0" tag="433"><subfield code="a">139 S. : graph. Darst.</subfield></datafield><datafield ind2="1" ind1="0" tag="519"><subfield code="a">Aachen, Techn. Hochsch., Diss., 1960</subfield></datafield><datafield ind2="1" ind1="0" tag="606"><subfield code="a">ass</subfield></datafield><datafield ind2="1" ind1="0" tag="700"><subfield code="a">UUO</subfield></datafield><datafield ind2=" " ind1="0" tag="800"><subfield code="a">a</subfield></datafield><datafield ind2="1" ind1="1" tag="024"><subfield code="a">a|a|||||||||||</subfield></datafield><datafield ind2="2" ind1="1" tag="024"><subfield code="a">a|a||||||||</subfield></datafield><datafield ind2="1" ind1="1" tag="672"><subfield code="a">Aachen</subfield></datafield><datafield ind2="1" ind1="1" tag="675"><subfield code="a">2027976-0</subfield></datafield></record>