<record format="MarcXchange" type="Bibliographic"><leader>00000     2200000   000 </leader><controlfield tag="001">485439</controlfield><controlfield tag="002">24.03.2014</controlfield><controlfield tag="003">24.03.2014</controlfield><datafield ind2="1" ind1="0" tag="014"><subfield code="a">61 EU 13/14-33M</subfield></datafield><datafield ind2="1" ind1="0" tag="015"><subfield code="a">ger</subfield></datafield><datafield ind2="1" ind1="0" tag="029"><subfield code="a">06</subfield></datafield><datafield ind2="1" ind1="0" tag="100"><subfield code="a">Schauerte, Sebastian</subfield></datafield><datafield ind2="1" ind1="0" tag="101"><subfield code="a">Kuperjans, Isabel [Betreuer]</subfield></datafield><datafield ind2="1" ind1="0" tag="331"><subfield code="a">Prüfungen von Photovoltaikanlagen (PV-Anlagen)</subfield></datafield><datafield ind2="1" ind1="0" tag="335"><subfield code="a">Prüfmatrix für Erstprüfungen und verschiedene Wiederholungsprüfungen ; Masterarbeit als Beitrag zur Entwicklung einer elektronischen Lebensakte für PV-Anlagen, für die standardisierte Anlagenabnahme, für wiederkehrende Prüfungen sowie zur elektronischen Speicherung der erforderlichen technischen Dokumentation von PV-Anlagen</subfield></datafield><datafield ind2=" " ind1="0" tag="359"><subfield code="a">in Zusammenarbeit mit: Mannheimer Versicherung AG, Koordinator Projekt PV-Lebensakte (Dipl.-Ing. Rainer Kohlenberg)</subfield></datafield><datafield ind2=" " ind1="0" tag="425"><subfield code="a">2014</subfield></datafield><datafield ind2="1" ind1="0" tag="519"><subfield code="a">Aachen, FH, Masterarbeit, 2014</subfield></datafield></record>