<record format="MarcXchange" type="Bibliographic"><leader>00000     2200000   000 </leader><controlfield tag="001">373220</controlfield><controlfield tag="002">09.05.2012</controlfield><datafield ind2="1" ind1="0" tag="014"><subfield code="a">61 ET 11/12-06B</subfield></datafield><datafield ind2="1" ind1="0" tag="015"><subfield code="a">ger</subfield></datafield><datafield ind2="1" ind1="0" tag="029"><subfield code="a">06</subfield></datafield><datafield ind2="1" ind1="0" tag="100"><subfield code="a">Scheeren, Bernhard</subfield></datafield><datafield ind2="1" ind1="0" tag="101"><subfield code="a">Kern, Alexander [Betreuer]</subfield></datafield><datafield ind2="1" ind1="0" tag="331"><subfield code="a">Simulation von Erdungsanlagen mit FEMM 4.2 und GSA</subfield></datafield><datafield ind2=" " ind1="0" tag="425"><subfield code="a">2012</subfield></datafield><datafield ind2="1" ind1="0" tag="519"><subfield code="a">Aachen, FH, Bachelorarbeit, 2012</subfield></datafield></record>