<record format="MarcXchange" type="Bibliographic"><leader>00000     2200000   000 </leader><controlfield tag="001">262172</controlfield><controlfield tag="002">18.02.2010</controlfield><controlfield tag="003">17.09.2013</controlfield><datafield ind2="1" ind1="0" tag="014"><subfield code="a">61 BMT 09-127B</subfield></datafield><datafield ind2="1" ind1="0" tag="015"><subfield code="a">eng</subfield></datafield><datafield ind2="1" ind1="0" tag="029"><subfield code="a">06</subfield></datafield><datafield ind2="1" ind1="0" tag="100"><subfield code="a">Schehl, Denis</subfield></datafield><datafield ind2="1" ind1="0" tag="101"><subfield code="a">Artmann, Aysegül [Betreuer]</subfield></datafield><datafield ind2="1" ind1="0" tag="331"><subfield code="a">3D-model of NIH-3T3 fibroblasts and bovine aortic endothelial cells</subfield></datafield><datafield ind2="1" ind1="0" tag="335"><subfield code="a">how can the cells be separated</subfield></datafield><datafield ind2=" " ind1="0" tag="425"><subfield code="a">2009</subfield></datafield><datafield ind2="1" ind1="0" tag="519"><subfield code="a">Aachen, FH, Bachelorarbeit, 2009</subfield></datafield></record>