<record format="MarcXchange" type="Bibliographic"><leader>00000     2200000   000 </leader><controlfield tag="001">460002</controlfield><controlfield tag="002">22.10.2013</controlfield><datafield ind2="1" ind1="0" tag="014"><subfield code="a">61 C 13-37M</subfield></datafield><datafield ind2="1" ind1="0" tag="015"><subfield code="a">ger</subfield></datafield><datafield ind2="1" ind1="0" tag="029"><subfield code="a">06</subfield></datafield><datafield ind2="1" ind1="0" tag="100"><subfield code="a">Schenkel, Julia</subfield></datafield><datafield ind2="1" ind1="0" tag="101"><subfield code="a">Öhlschläger, Peter [Betreuer]</subfield></datafield><datafield ind2="1" ind1="0" tag="331"><subfield code="a">Das Zusammenspiel von Nrf2 und ß-Catenin im DDC-Maus-Modell</subfield></datafield><datafield ind2=" " ind1="0" tag="359"><subfield code="a">in Zusammenarbeit mit: Rheinisch-Westfählischen-Hochschule Aachen/Institut für Anatomie und Zellbiologie (Dr. rer. nat. Christoph Jan Wruck)</subfield></datafield><datafield ind2=" " ind1="0" tag="425"><subfield code="a">2013</subfield></datafield><datafield ind2="1" ind1="0" tag="519"><subfield code="a">Aachen, FH, Masterarbeit, 2013</subfield></datafield></record>