<record format="MarcXchange" type="Bibliographic"><leader>00000     2200000   000 </leader><controlfield tag="001">367699</controlfield><controlfield tag="002">22.03.2012</controlfield><datafield ind2="1" ind1="0" tag="014"><subfield code="a">61 C 11/12-38M</subfield></datafield><datafield ind2="1" ind1="0" tag="015"><subfield code="a">ger</subfield></datafield><datafield ind2="1" ind1="0" tag="029"><subfield code="a">06</subfield></datafield><datafield ind2="1" ind1="0" tag="100"><subfield code="a">Schiefer, Markus</subfield></datafield><datafield ind2="1" ind1="0" tag="101"><subfield code="a">Lauth, Günter</subfield></datafield><datafield ind2="1" ind1="0" tag="331"><subfield code="a">Methanolhaltige Kraftstoffe und deren Auswirkung auf die in dem Kunststoffkraftstoffsystem verwendeten thermoplastischen Polymere</subfield></datafield><datafield ind2=" " ind1="0" tag="359"><subfield code="a">in Zusammenarbeit mit: Kautex-Textron GmbH &amp; Co.KG (Dr. Lehmann)</subfield></datafield><datafield ind2=" " ind1="0" tag="425"><subfield code="a">2011</subfield></datafield><datafield ind2="1" ind1="0" tag="519"><subfield code="a">Aachen, FH, Masterarbeit, 2012</subfield></datafield><datafield ind2="1" ind1="0" tag="600"><subfield code="a">für immer unter Verschluss</subfield></datafield></record>