<record format="MarcXchange" type="Bibliographic"><leader>00000     2200000   000 </leader><controlfield tag="001">272251</controlfield><controlfield tag="002">14.07.2010</controlfield><controlfield tag="003">14.07.2010</controlfield><datafield ind2="1" ind1="0" tag="014"><subfield code="a">61 C 10-15</subfield></datafield><datafield ind2="1" ind1="0" tag="015"><subfield code="a">ger</subfield></datafield><datafield ind2="1" ind1="0" tag="029"><subfield code="a">06</subfield></datafield><datafield ind2="1" ind1="0" tag="100"><subfield code="a">Schiefer, Tobias</subfield></datafield><datafield ind2="1" ind1="0" tag="101"><subfield code="a">Lassonczyk, Beate [Betreuer]</subfield></datafield><datafield ind2="1" ind1="0" tag="331"><subfield code="a">Entwicklung einer Strategie zur Erfassung der Stoffeinträge in Fließgewässer von Anlagen zur Behandlung von Abwasser aus der Mischwasserkanalisation</subfield></datafield><datafield ind2=" " ind1="0" tag="359"><subfield code="a">in Zusammenarbeit mit: Erftverband, Bergheim (Dr. Ekkehard Christoffels)</subfield></datafield><datafield ind2=" " ind1="0" tag="425"><subfield code="a">2010</subfield></datafield><datafield ind2="1" ind1="0" tag="519"><subfield code="a">Aachen, FH, DIplomarbeit, 2010</subfield></datafield></record>