<record format="MarcXchange" type="Bibliographic"><leader>00000     2200000   000 </leader><controlfield tag="001">508190</controlfield><controlfield tag="002">22.09.2014</controlfield><controlfield tag="003">22.09.2014</controlfield><datafield ind2="1" ind1="0" tag="014"><subfield code="a">61 BMT 14-38M</subfield></datafield><datafield ind2="1" ind1="0" tag="015"><subfield code="a">eng</subfield></datafield><datafield ind2="1" ind1="0" tag="029"><subfield code="a">06</subfield></datafield><datafield ind2="1" ind1="0" tag="100"><subfield code="a">Schiffer, Sabrina</subfield></datafield><datafield ind2="1" ind1="0" tag="101"><subfield code="a">Ziemons, Karl [Betreuer]</subfield></datafield><datafield ind2="1" ind1="0" tag="331"><subfield code="a">Conception of a Trans-Sectoral Network to Improve Heart Failure Management</subfield></datafield><datafield ind2=" " ind1="0" tag="359"><subfield code="a">in Zusammenarbeit mit: Medtronic Deutschland GmbH/Cardiac Rhythm Disease Management ; Hospital Solutions (Dr. rer. nat. Josef Lauter)</subfield></datafield><datafield ind2=" " ind1="0" tag="425"><subfield code="a">2014</subfield></datafield><datafield ind2="1" ind1="0" tag="519"><subfield code="a">Aachen, FH, Masterarbeit, 2014</subfield></datafield></record>