<record format="MarcXchange" type="Bibliographic"><leader>00000     2200000   000 </leader><controlfield tag="001">495653</controlfield><controlfield tag="002">28.05.2014</controlfield><controlfield tag="003">28.05.2014</controlfield><datafield ind2="1" ind1="0" tag="014"><subfield code="a">61 EU 14-07B</subfield></datafield><datafield ind2="1" ind1="0" tag="015"><subfield code="a">ger</subfield></datafield><datafield ind2="1" ind1="0" tag="029"><subfield code="a">06</subfield></datafield><datafield ind2="1" ind1="0" tag="100"><subfield code="a">Schiffers, Nils</subfield></datafield><datafield ind2="1" ind1="0" tag="101"><subfield code="a">Bauschke, Stefan [Betreuer]</subfield></datafield><datafield ind2="1" ind1="0" tag="331"><subfield code="a">Ausarbeitung einer weitestgehend autarken Energieversorgung eines Gebäudes durch verschiedene Erneuerbare Energiequellen unter dem Gesichtspunkt der effizientesten Energiegewinnung</subfield></datafield><datafield ind2=" " ind1="0" tag="425"><subfield code="a">2014</subfield></datafield><datafield ind2="1" ind1="0" tag="519"><subfield code="a">Aachen, FH, Bachelorarbeit, 2014</subfield></datafield></record>