<record format="MarcXchange" type="Bibliographic"><leader>00000     2200000   000 </leader><controlfield tag="001">246707</controlfield><controlfield tag="002">16.12.2008</controlfield><datafield ind2="1" ind1="0" tag="014"><subfield code="a">61 C 08-21</subfield></datafield><datafield ind2="1" ind1="0" tag="015"><subfield code="a">ger</subfield></datafield><datafield ind2="1" ind1="0" tag="029"><subfield code="a">06</subfield></datafield><datafield ind2="1" ind1="0" tag="100"><subfield code="a">Schimmelpfennig, Sonja</subfield></datafield><datafield ind2="1" ind1="0" tag="101"><subfield code="a">Elbers, Gereon [Betreuer]</subfield></datafield><datafield ind2="1" ind1="0" tag="331"><subfield code="a">Untersuchungen zur Sterilisation von Kartonverpackungen mit gasförmigem Wasserstoffperoxid</subfield></datafield><datafield ind2="1" ind1="0" tag="335"><subfield code="a">Ermittlung von Einflussparametern  und Charakterisierung von Wirkkomponenten</subfield></datafield><datafield ind2=" " ind1="0" tag="359"><subfield code="a">in Zusammenarbeit mit: Fa. SIG Combibloc GmbH, Linnich (H. Geissler)</subfield></datafield><datafield ind2=" " ind1="0" tag="425"><subfield code="a">2008</subfield></datafield><datafield ind2="1" ind1="0" tag="519"><subfield code="a">Aachen, Fachhochschule, Diplomarbeit, 2008</subfield></datafield></record>