<record format="MarcXchange" type="Bibliographic"><leader>00000     2200000   000 </leader><controlfield tag="001">279076</controlfield><controlfield tag="002">02.11.2010</controlfield><datafield ind2="1" ind1="0" tag="014"><subfield code="a">61 P 10-126B</subfield></datafield><datafield ind2="1" ind1="0" tag="015"><subfield code="a">ger</subfield></datafield><datafield ind2="1" ind1="0" tag="029"><subfield code="a">06</subfield></datafield><datafield ind2="1" ind1="0" tag="100"><subfield code="a">Schindler, Sebastian</subfield></datafield><datafield ind2="1" ind1="0" tag="101"><subfield code="a">Sander, Volker [Betreuer]</subfield></datafield><datafield ind2="1" ind1="0" tag="331"><subfield code="a">Entwicklung und Umsetzung von Strategien zur umfassenden Nutzung von Terminologie-Wörterbüchern für Volltextrecherchen in einer umfangreichen und multilingualen Dokumentensammlung</subfield></datafield><datafield ind2=" " ind1="0" tag="425"><subfield code="a">2010</subfield></datafield><datafield ind2="1" ind1="0" tag="519"><subfield code="a">Aachen, FH, Bachelorarbeit, 2010</subfield></datafield></record>