<record format="MarcXchange" type="Bibliographic"><leader>00000     2200000   000 </leader><controlfield tag="001">296976</controlfield><controlfield tag="002">28.09.2011</controlfield><datafield ind2="1" ind1="0" tag="014"><subfield code="a">61 P 11-55M</subfield></datafield><datafield ind2="1" ind1="0" tag="015"><subfield code="a">ger</subfield></datafield><datafield ind2="1" ind1="0" tag="029"><subfield code="a">06</subfield></datafield><datafield ind2="1" ind1="0" tag="100"><subfield code="a">Schmid, Patricia</subfield></datafield><datafield ind2="1" ind1="0" tag="101"><subfield code="a">Hillen, Walter [Betreuer]</subfield></datafield><datafield ind2="1" ind1="0" tag="331"><subfield code="a">Stereorekonstruktion mit Anwendung auf die Konstruktion eines Verbundes von Stereokameras</subfield></datafield><datafield ind2=" " ind1="0" tag="425"><subfield code="a">2011</subfield></datafield><datafield ind2="1" ind1="0" tag="519"><subfield code="a">Aachen, FH, Masterarbeit, 2011</subfield></datafield></record>