<record format="MarcXchange" type="Bibliographic"><leader>00000     2200000   000 </leader><controlfield tag="001">296386</controlfield><controlfield tag="002">15.09.2011</controlfield><controlfield tag="003">15.09.2011</controlfield><datafield ind2="1" ind1="0" tag="014"><subfield code="a">61 EU 11-19</subfield></datafield><datafield ind2="1" ind1="0" tag="015"><subfield code="a">ger</subfield></datafield><datafield ind2="1" ind1="0" tag="029"><subfield code="a">06</subfield></datafield><datafield ind2="1" ind1="0" tag="100"><subfield code="a">Schmidt, Andreas</subfield></datafield><datafield ind2="1" ind1="0" tag="101"><subfield code="a">Brüssermann, Klaus [Betreuer]</subfield></datafield><datafield ind2="1" ind1="0" tag="331"><subfield code="a">Untersuchungen zur katalytischen Wirkung von Aktivkohle auf die Sulfitoxidation in Seewasser im Hinblick auf die Auslegung eines Absorbersumpfes einer Seewasser-REA mit Aktivkohle-Füllkörpern</subfield></datafield><datafield ind2=" " ind1="0" tag="359"><subfield code="a">in Zusammenarbeit mit: AE&amp;E (Dipl.-Ing. Kai Kehrmann)</subfield></datafield><datafield ind2=" " ind1="0" tag="425"><subfield code="a">2011</subfield></datafield><datafield ind2="1" ind1="0" tag="519"><subfield code="a">Aachen, FH, Diplomarbeit, 2011</subfield></datafield><datafield ind2="1" ind1="0" tag="600"><subfield code="a">für immer unter Verschluss</subfield></datafield></record>