<record format="MarcXchange" type="Bibliographic"><leader>00000     2200000   000 </leader><controlfield tag="001">467412</controlfield><controlfield tag="002">04.12.2013</controlfield><controlfield tag="003">04.12.2013</controlfield><datafield ind2="1" ind1="0" tag="014"><subfield code="a">61 C 13/14-11B</subfield></datafield><datafield ind2="1" ind1="0" tag="015"><subfield code="a">ger</subfield></datafield><datafield ind2="1" ind1="0" tag="029"><subfield code="a">06</subfield></datafield><datafield ind2="1" ind1="0" tag="100"><subfield code="a">Schmidt, Jens</subfield></datafield><datafield ind2="1" ind1="0" tag="101"><subfield code="a">Öhlschläger, Peter [Betreuer]</subfield></datafield><datafield ind2="1" ind1="0" tag="331"><subfield code="a">Identifizierung des Erkennungsepitops des humanen P2X7-Rezeptors für einen monoklonalen P2X7-Antikörper</subfield></datafield><datafield ind2=" " ind1="0" tag="359"><subfield code="a">in Zusammenarbeit mit: RWTH Aachen/Universitätsklinikum ; Institut für Pharmakologie und Toxikologie ; Abteilung Molekulare Pharmakologie (Prof. Dr. med. Günther Schmalzing)</subfield></datafield><datafield ind2=" " ind1="0" tag="425"><subfield code="a">2013</subfield></datafield><datafield ind2="1" ind1="0" tag="519"><subfield code="a">Aachen, FH, Bachelorarbeit, 2013</subfield></datafield></record>