<record format="MarcXchange" type="Bibliographic"><leader>00000     2200000   000 </leader><controlfield tag="001">269058</controlfield><controlfield tag="002">04.05.2010</controlfield><controlfield tag="003">04.05.2010</controlfield><datafield ind2="1" ind1="0" tag="014"><subfield code="a">61 BMT 09/10-74M</subfield></datafield><datafield ind2="1" ind1="0" tag="015"><subfield code="a">eng</subfield></datafield><datafield ind2="1" ind1="0" tag="029"><subfield code="a">06</subfield></datafield><datafield ind2="1" ind1="0" tag="100"><subfield code="a">Schmitt, Julia</subfield></datafield><datafield ind2="1" ind1="0" tag="101"><subfield code="a">Scherer, Ulrich [Betreuer]</subfield></datafield><datafield ind2="1" ind1="0" tag="331"><subfield code="a">Determination of the homogeneity of a HiSPECT camera</subfield></datafield><datafield ind2="1" ind1="0" tag="335"><subfield code="a">Dependency on aperture, object size, and nuclide</subfield></datafield><datafield ind2=" " ind1="0" tag="359"><subfield code="a">in Zusammenarbeit mit: University Hospital Düsseldorf/Department Nuclear Medicine (Dr. Andreas Wirrwar)</subfield></datafield><datafield ind2=" " ind1="0" tag="425"><subfield code="a">2010</subfield></datafield><datafield ind2="1" ind1="0" tag="519"><subfield code="a">Aachen, FH, Masterarbeit, 2010</subfield></datafield></record>