<record format="MarcXchange" type="Bibliographic"><leader>00000     2200000   000 </leader><controlfield tag="001">302397</controlfield><controlfield tag="002">05.01.2012</controlfield><datafield ind2="1" ind1="0" tag="014"><subfield code="a">61 P 11/12-30B</subfield></datafield><datafield ind2="1" ind1="0" tag="015"><subfield code="a">ger</subfield></datafield><datafield ind2="1" ind1="0" tag="029"><subfield code="a">06</subfield></datafield><datafield ind2="1" ind1="0" tag="100"><subfield code="a">Schmitz, Daniel</subfield></datafield><datafield ind2="1" ind1="0" tag="101"><subfield code="a">Stegelmann, Ulrich [Betreuer]</subfield></datafield><datafield ind2="1" ind1="0" tag="331"><subfield code="a">Visuell inspirierende Suchunterstützung für Schlagworte in einem Content - Management - System</subfield></datafield><datafield ind2=" " ind1="0" tag="359"><subfield code="a">in Zusammenarbeit mit: SOPTIM AG, Aachen (Dipl.-Inform. Stephan Domek)</subfield></datafield><datafield ind2=" " ind1="0" tag="425"><subfield code="a">2011</subfield></datafield><datafield ind2="1" ind1="0" tag="519"><subfield code="a">Aachen, FH, Bachelorarbeit, 2012</subfield></datafield></record>