<record format="MarcXchange" type="Bibliographic"><leader>00000     2200000   000 </leader><controlfield tag="001">121615</controlfield><controlfield tag="002">12.04.1994</controlfield><controlfield tag="003">24.08.2011</controlfield><datafield ind2="1" ind1="9" tag="904"><subfield code="a">145238</subfield></datafield><datafield ind2="1" ind1="9" tag="905"><subfield code="a">94/0000843</subfield></datafield><datafield ind2="1" ind1="9" tag="909"><subfield code="a">HBZ</subfield></datafield><datafield ind2="1" ind1="0" tag="010"><subfield code="a">HT003509107</subfield></datafield><datafield ind2="1" ind1="0" tag="011"><subfield code="a">LL003165588</subfield></datafield><datafield ind2="1" ind1="0" tag="014"><subfield code="a">61 XRW 83-6</subfield></datafield><datafield ind2="1" ind1="0" tag="015"><subfield code="a">ger</subfield></datafield><datafield ind2=" " ind1="0" tag="027"><subfield code="a">V</subfield></datafield><datafield ind2=" " ind1="0" tag="036"><subfield code="a">s</subfield></datafield><datafield ind2="1" ind1="0" tag="100"><subfield code="a">Schneider, Nikolaus</subfield></datafield><datafield ind2="1" ind1="0" tag="331"><subfield code="a">Kantenhervorhebung und Kantenverfolgung in der industriellen Bildverarbeitung</subfield></datafield><datafield ind2="1" ind1="0" tag="335"><subfield code="a">schnelle Überführung von Graubildszenen in eine zur Szenenanalyse geeignete Datenstruktur</subfield></datafield><datafield ind2=" " ind1="0" tag="359"><subfield code="a">Nikolaus Schneider</subfield></datafield><datafield ind2="1" ind1="0" tag="410"><subfield code="a">Braunschweig</subfield></datafield><datafield ind2="1" ind1="0" tag="412"><subfield code="a">Vieweg</subfield></datafield><datafield ind2=" " ind1="0" tag="425"><subfield code="a">1990</subfield></datafield><datafield ind2="1" ind1="0" tag="433"><subfield code="a">VIII, 249 S. : Ill., graph. Darst.</subfield></datafield><datafield ind2="1" ind1="0" tag="451"><subfield code="a">Fortschritte der Robotik ; 6</subfield></datafield><datafield ind2="1" ind1="0" tag="453"><subfield code="a">HT003326031</subfield></datafield><datafield ind2="1" ind1="0" tag="455"><subfield code="a">6</subfield></datafield><datafield ind2="1" ind1="0" tag="519"><subfield code="a">Zugl.: Aachen, Techn. Hochsch., Diss., 1989 u.d.T.: Schneider, Nikolaus: Ein Verfahren zur schnellen Überführung industrieller Graubildszenen in eine für die Szenenanalyse geeignete Datenstruktur</subfield></datafield><datafield ind2="1" ind1="0" tag="540"><subfield code="a">3-528-06386-6</subfield></datafield><datafield ind2="1" ind1="0" tag="542"><subfield code="a">kart. : DM 84.00</subfield></datafield><datafield ind2="1" ind1="0" tag="606"><subfield code="a">Bd</subfield></datafield><datafield ind2="1" ind1="0" tag="700"><subfield code="a">XRW</subfield></datafield><datafield ind2=" " ind1="0" tag="800"><subfield code="a">a</subfield></datafield><datafield ind2="1" ind1="0" tag="902"><subfield code="a">Dreidimensionale Bildverarbeitung</subfield></datafield><datafield ind2="1" ind1="1" tag="024"><subfield code="a">HBZHT003509107</subfield></datafield><datafield ind2="1" ind1="1" tag="672"><subfield code="a">Aachen</subfield></datafield><datafield ind2="1" ind1="1" tag="701"><subfield code="a">ZQ 2470</subfield></datafield><datafield ind2="2" ind1="1" tag="701"><subfield code="a">ZQ 4270</subfield></datafield></record>