<record format="MarcXchange" type="Bibliographic"><leader>00000     2200000   000 </leader><controlfield tag="001">473258</controlfield><controlfield tag="002">16.01.2014</controlfield><controlfield tag="003">16.01.2014</controlfield><datafield ind2="1" ind1="0" tag="014"><subfield code="a">61 C 13/14-30B</subfield></datafield><datafield ind2="1" ind1="0" tag="015"><subfield code="a">ger</subfield></datafield><datafield ind2="1" ind1="0" tag="029"><subfield code="a">06</subfield></datafield><datafield ind2="1" ind1="0" tag="100"><subfield code="a">Schnitzler, Sebastian</subfield></datafield><datafield ind2="1" ind1="0" tag="101"><subfield code="a">Scherer, Ulrich [Betreuer]</subfield></datafield><datafield ind2="1" ind1="0" tag="331"><subfield code="a">Untersuchungen zur radiologischen Charakterisierung von Betriebsabwasser-Klärschlämmen zur Quantifizierung grenzwertüberschreitender Radionuklide</subfield></datafield><datafield ind2=" " ind1="0" tag="359"><subfield code="a">in Zusammenarbeit mit: Forschungszentrum Jülich (Dr. Bastian Niedrée)</subfield></datafield><datafield ind2=" " ind1="0" tag="425"><subfield code="a">2013</subfield></datafield><datafield ind2="1" ind1="0" tag="519"><subfield code="a">Aachen, FH, Bachelorarbeit, 2014</subfield></datafield></record>