<record format="MarcXchange" type="Bibliographic"><leader>00000     2200000   000 </leader><controlfield tag="001">406839</controlfield><controlfield tag="002">04.01.2013</controlfield><datafield ind2="1" ind1="0" tag="014"><subfield code="a">61 C 12-43B</subfield></datafield><datafield ind2="1" ind1="0" tag="015"><subfield code="a">ger</subfield></datafield><datafield ind2="1" ind1="0" tag="029"><subfield code="a">06</subfield></datafield><datafield ind2="1" ind1="0" tag="100"><subfield code="a">Scholz, Anja</subfield></datafield><datafield ind2="1" ind1="0" tag="101"><subfield code="a">Rath, Walter [Betreuer]</subfield></datafield><datafield ind2="1" ind1="0" tag="331"><subfield code="a">Gelanteile in Polyvinylalkohol-stabilisierten Vinylacetat-Emulsions-Copolymerisaten</subfield></datafield><datafield ind2=" " ind1="0" tag="359"><subfield code="a">in Zusammenarbeit mit: Wacker Chemie AG/Abteilung Prozess-Analytik (Dr. Wolf-Dieter Hergeth)</subfield></datafield><datafield ind2=" " ind1="0" tag="425"><subfield code="a">2012</subfield></datafield><datafield ind2="1" ind1="0" tag="519"><subfield code="a">Aachen, FH, Bachelorarbeit, 2013</subfield></datafield><datafield ind2="1" ind1="0" tag="600"><subfield code="a">für immer unter Verschluss</subfield></datafield></record>