<record format="MarcXchange" type="Bibliographic"><leader>00000     2200000   000 </leader><controlfield tag="001">506455</controlfield><controlfield tag="002">16.09.2014</controlfield><datafield ind2="1" ind1="0" tag="014"><subfield code="a">61 EU 14-19M</subfield></datafield><datafield ind2="1" ind1="0" tag="015"><subfield code="a">ger</subfield></datafield><datafield ind2="1" ind1="0" tag="029"><subfield code="a">06</subfield></datafield><datafield ind2="1" ind1="0" tag="100"><subfield code="a">Schöttler, Mirjam</subfield></datafield><datafield ind2="1" ind1="0" tag="101"><subfield code="a">Herrmann, Ulf [Betreuer]</subfield></datafield><datafield ind2="1" ind1="0" tag="331"><subfield code="a">Analyse und Bewertung der exergetischen Effizienz kommunaler Energieversorgung mit hohen Anteilen Erneuerbarer Energien</subfield></datafield><datafield ind2=" " ind1="0" tag="425"><subfield code="a">2014</subfield></datafield><datafield ind2="1" ind1="0" tag="519"><subfield code="a">Aachen, FH, Masterarbeit, 2014</subfield></datafield></record>