<record format="MarcXchange" type="Bibliographic"><leader>00000     2200000   000 </leader><controlfield tag="001">272738</controlfield><controlfield tag="002">28.07.2010</controlfield><controlfield tag="003">28.07.2010</controlfield><datafield ind2="1" ind1="0" tag="014"><subfield code="a">61 EU 10-11</subfield></datafield><datafield ind2="1" ind1="0" tag="015"><subfield code="a">ger</subfield></datafield><datafield ind2="1" ind1="0" tag="029"><subfield code="a">06</subfield></datafield><datafield ind2="1" ind1="0" tag="100"><subfield code="a">Schulz, Friedrich</subfield></datafield><datafield ind2="1" ind1="0" tag="101"><subfield code="a">Vaeßen, Christiane [Betreuer]</subfield></datafield><datafield ind2="1" ind1="0" tag="331"><subfield code="a">Entwicklung eines Verfahrens zur Mischgütebestimmung strukturierter keramischer Porensysteme zum Einsatz in Harnstoff-SCR-Systemen</subfield></datafield><datafield ind2=" " ind1="0" tag="425"><subfield code="a">2010</subfield></datafield><datafield ind2="1" ind1="0" tag="519"><subfield code="a">Aachen, FH, Diplomarbeit, 2010</subfield></datafield></record>