<record format="MarcXchange" type="Bibliographic"><leader>00000     2200000   000 </leader><controlfield tag="001">300320</controlfield><controlfield tag="002">29.11.2011</controlfield><controlfield tag="003">16.08.2013</controlfield><datafield ind2="1" ind1="0" tag="014"><subfield code="a">61 P 11-122B</subfield></datafield><datafield ind2="1" ind1="0" tag="015"><subfield code="a">ger</subfield></datafield><datafield ind2="1" ind1="0" tag="029"><subfield code="a">06</subfield></datafield><datafield ind2="1" ind1="0" tag="100"><subfield code="a">Schulz, Renée</subfield></datafield><datafield ind2="1" ind1="0" tag="101"><subfield code="a">Schelthoff, Christof [Betreuer]</subfield></datafield><datafield ind2="1" ind1="0" tag="331"><subfield code="a">Dreidimensionale Visualisierung von thermodynamischen Prozessen in pVT-Reinstoffdiagrammen</subfield></datafield><datafield ind2=" " ind1="0" tag="425"><subfield code="a">2011</subfield></datafield><datafield ind2="1" ind1="0" tag="519"><subfield code="a">Aachen, FH, Bachelorarbeit, 2011</subfield></datafield></record>