<record format="MarcXchange" type="Bibliographic"><leader>00000     2200000   000 </leader><controlfield tag="001">436609</controlfield><controlfield tag="002">14.08.2013</controlfield><datafield ind2="1" ind1="0" tag="014"><subfield code="a">61 EU 13-05M</subfield></datafield><datafield ind2="1" ind1="0" tag="015"><subfield code="a">ger</subfield></datafield><datafield ind2="1" ind1="0" tag="029"><subfield code="a">06</subfield></datafield><datafield ind2="1" ind1="0" tag="100"><subfield code="a">Schulze Lohoff, Andreas</subfield></datafield><datafield ind2="1" ind1="0" tag="101"><subfield code="a">Blum, Ludger [Betreuer]</subfield></datafield><datafield ind2="1" ind1="0" tag="331"><subfield code="a">Modeling of a 1.3 kW DMFC-System using Matlab/Simulink</subfield></datafield><datafield ind2="1" ind1="0" tag="341"><subfield code="a">Modellierung eines 1,3 kW DMFC-Systems mit Matlab/Simulink</subfield></datafield><datafield ind2=" " ind1="0" tag="359"><subfield code="a">in Zusammenarbeit mit: Forschungszentrum Jülich/Institut für Energie- und Klimaforschung IEK-3: Elektrochemische Verfahrenstechnik (Nicoloa Kimiaie)</subfield></datafield><datafield ind2=" " ind1="0" tag="425"><subfield code="a">2013</subfield></datafield><datafield ind2="1" ind1="0" tag="519"><subfield code="a">Aachen, FH, Masterarbeit, 2013</subfield></datafield></record>