<record format="MarcXchange" type="Bibliographic"><leader>00000     2200000   000 </leader><controlfield tag="001">501757</controlfield><controlfield tag="002">08.08.2014</controlfield><datafield ind2="1" ind1="0" tag="014"><subfield code="a">61 P 14-23B</subfield></datafield><datafield ind2="1" ind1="0" tag="015"><subfield code="a">ger</subfield></datafield><datafield ind2="1" ind1="0" tag="029"><subfield code="a">06</subfield></datafield><datafield ind2="1" ind1="0" tag="100"><subfield code="a">Schumacher, Daniel</subfield></datafield><datafield ind2="1" ind1="0" tag="101"><subfield code="a">Merkel, Karola [Betreuer]</subfield></datafield><datafield ind2="1" ind1="0" tag="331"><subfield code="a">Erstellung energetischer Berichte</subfield></datafield><datafield ind2=" " ind1="0" tag="359"><subfield code="a">in Zsuammenarbeit mit: werusys Institut für angewandte Systemanalytik und Industrieinformatik GmbH &amp; Co. KG, Köln (Dipl.-Phys. Kai Weber)</subfield></datafield><datafield ind2=" " ind1="0" tag="425"><subfield code="a">2014</subfield></datafield><datafield ind2="1" ind1="0" tag="519"><subfield code="a">Aachen, FH, Bachelorarbeit, 2014</subfield></datafield></record>