<record format="MarcXchange" type="Bibliographic"><leader>00000     2200000   000 </leader><controlfield tag="001">402124</controlfield><controlfield tag="002">19.12.2012</controlfield><datafield ind2="1" ind1="0" tag="014"><subfield code="a">61 P 12-96B</subfield></datafield><datafield ind2="1" ind1="0" tag="015"><subfield code="a">ger</subfield></datafield><datafield ind2="1" ind1="0" tag="029"><subfield code="a">06</subfield></datafield><datafield ind2="1" ind1="0" tag="100"><subfield code="a">Schümmer, Andreas</subfield></datafield><datafield ind2="1" ind1="0" tag="101"><subfield code="a">Rateike, Franz-Matthias [Betreuer]</subfield></datafield><datafield ind2="1" ind1="0" tag="331"><subfield code="a">Prozessanalyse des Laserpolierens von Metallen mittels Hochgeschwindigkeitsvideographie</subfield></datafield><datafield ind2=" " ind1="0" tag="359"><subfield code="a">in Zusammenarbeit mit: Fraunhofer Institut für Lasertechnik/Lehrstuhl Technologie Optischer Systeme (Judith Kumstel)</subfield></datafield><datafield ind2=" " ind1="0" tag="425"><subfield code="a">2012</subfield></datafield><datafield ind2="1" ind1="0" tag="519"><subfield code="a">Aachen, FH, Bachelorarbeit, 2012</subfield></datafield></record>