<record format="MarcXchange" type="Bibliographic"><leader>00000     2200000   000 </leader><controlfield tag="001">300316</controlfield><controlfield tag="002">29.11.2011</controlfield><datafield ind2="1" ind1="0" tag="014"><subfield code="a">61 C 11-44B</subfield></datafield><datafield ind2="1" ind1="0" tag="015"><subfield code="a">ger</subfield></datafield><datafield ind2="1" ind1="0" tag="029"><subfield code="a">06</subfield></datafield><datafield ind2="1" ind1="0" tag="100"><subfield code="a">Seimann, Eva</subfield></datafield><datafield ind2="1" ind1="0" tag="101"><subfield code="a">Prielmeier, Franz [Betreuer]</subfield></datafield><datafield ind2="1" ind1="0" tag="331"><subfield code="a">Optimierung der Lagerteste zur Früherkennung von Instabilitäten bei Emulsionen</subfield></datafield><datafield ind2=" " ind1="0" tag="359"><subfield code="a">in Zusammenarbeit mit: Dr. Babor GmbH &amp; Co. KG, Aachen (Dipl.-Ing. Astrid Sander)</subfield></datafield><datafield ind2=" " ind1="0" tag="425"><subfield code="a">2011</subfield></datafield><datafield ind2="1" ind1="0" tag="519"><subfield code="a">Aachen, FH, Bachelorarbeit, 2011</subfield></datafield><datafield ind2="1" ind1="0" tag="600"><subfield code="a">für immer unter Verschluss</subfield></datafield></record>