<record format="MarcXchange" type="Bibliographic"><leader>00000     2200000   000 </leader><controlfield tag="001">249187</controlfield><controlfield tag="002">18.03.2009</controlfield><controlfield tag="003">18.03.2009</controlfield><datafield ind2="1" ind1="0" tag="014"><subfield code="a">61 P 08/09-45</subfield></datafield><datafield ind2="1" ind1="0" tag="015"><subfield code="a">ger</subfield></datafield><datafield ind2="1" ind1="0" tag="029"><subfield code="a">06</subfield></datafield><datafield ind2="1" ind1="0" tag="100"><subfield code="a">Seltmann, Michael</subfield></datafield><datafield ind2="1" ind1="0" tag="101"><subfield code="a">Müller-Veggian, Mattea [Betreuer]</subfield></datafield><datafield ind2="1" ind1="0" tag="331"><subfield code="a">Hochauflösende Interferometrie laserinduzierter relativistischer Plasmen</subfield></datafield><datafield ind2="1" ind1="0" tag="341"><subfield code="a">High-resolution interferometry of laser induced relativistic plasmas</subfield></datafield><datafield ind2=" " ind1="0" tag="359"><subfield code="a">in Zusammenarbeit mit: Forschungszentrum Jülich/Heinrich Heine Universität Düsseldorf (PD. Dr. M. Büscher)</subfield></datafield><datafield ind2=" " ind1="0" tag="425"><subfield code="a">2008</subfield></datafield><datafield ind2="1" ind1="0" tag="519"><subfield code="a">Aachen, FH, Diplomarbeit, 2008</subfield></datafield></record>