<record format="MarcXchange" type="Bibliographic"><leader>00000     2200000   000 </leader><controlfield tag="001">213017</controlfield><controlfield tag="002">08.11.2005</controlfield><controlfield tag="003">29.06.2006</controlfield><datafield ind2="1" ind1="0" tag="014"><subfield code="a">61 P 04-38</subfield></datafield><datafield ind2="1" ind1="0" tag="015"><subfield code="a">ger</subfield></datafield><datafield ind2="1" ind1="0" tag="029"><subfield code="a">06</subfield></datafield><datafield ind2="1" ind1="0" tag="100"><subfield code="a">Sevenich, Christoph</subfield></datafield><datafield ind2="1" ind1="0" tag="101"><subfield code="a">Weber, Hans-Joachim [Betreuer]</subfield></datafield><datafield ind2="1" ind1="0" tag="331"><subfield code="a">Intraoperative Entstehung von Mikrogasblasen innerhalb der extrakorporalen Zirkulation in Korrelation zu High Intensity Transient Signals in den mittleren Hirnschlagadern</subfield></datafield><datafield ind2="1" ind1="0" tag="335"><subfield code="a">Häufigkeit der Mikrogasblasen in Abhängigkeit zur Füllhöhe des venösen Hartschalenreservoirs innerhalb eines konventionellen extrakorporalen Systems unter Berücksichtigung chirurgischer, kardiotechnischer und anästhesiologischer Verfahrensweisen</subfield></datafield><datafield ind2=" " ind1="0" tag="359"><subfield code="a">in Zusammenarbeit mit: Herz-Kreislauf-Klinik Bevensen AG, Bad Bevensen (Prof. Dr. med. J. Laas)</subfield></datafield><datafield ind2=" " ind1="0" tag="425"><subfield code="a">2005</subfield></datafield><datafield ind2="1" ind1="0" tag="519"><subfield code="a">Aachen, Fachhochschule, Diplomarbeit, 2005</subfield></datafield></record>