<record format="MarcXchange" type="Bibliographic"><leader>00000     2200000   000 </leader><controlfield tag="001">277328</controlfield><controlfield tag="002">17.09.2010</controlfield><controlfield tag="003">30.03.2011</controlfield><datafield ind2="1" ind1="0" tag="014"><subfield code="a">61 P 10-57</subfield></datafield><datafield ind2="1" ind1="0" tag="015"><subfield code="a">ger</subfield></datafield><datafield ind2="1" ind1="0" tag="029"><subfield code="a">06</subfield></datafield><datafield ind2="1" ind1="0" tag="100"><subfield code="a">Sevenich, Vera</subfield></datafield><datafield ind2="1" ind1="0" tag="101"><subfield code="a">Thielemann, Frank [Betreuer]</subfield></datafield><datafield ind2="1" ind1="0" tag="331"><subfield code="a">Mezzanine Kapital - Finanzierungsmöglichkeiten für kleine und mittelständige Unternehmen</subfield></datafield><datafield ind2=" " ind1="0" tag="425"><subfield code="a">2010</subfield></datafield><datafield ind2="1" ind1="0" tag="519"><subfield code="a">Aachen, FH, Diplomarbeit, 2010</subfield></datafield></record>