<record format="MarcXchange" type="Bibliographic"><leader>00000     2200000   000 </leader><controlfield tag="001">268894</controlfield><controlfield tag="002">30.04.2010</controlfield><controlfield tag="003">30.04.2010</controlfield><datafield ind2="1" ind1="0" tag="014"><subfield code="a">61 ET 10-01B</subfield></datafield><datafield ind2="1" ind1="0" tag="015"><subfield code="a">eng</subfield></datafield><datafield ind2="1" ind1="0" tag="029"><subfield code="a">06</subfield></datafield><datafield ind2="1" ind1="0" tag="100"><subfield code="a">Sharifinia, Hossein</subfield></datafield><datafield ind2="2" ind1="0" tag="100"><subfield code="a">Eftekharzadeh, Arash</subfield></datafield><datafield ind2="1" ind1="0" tag="101"><subfield code="a">Ackermann, Hans-Josef [Betreuer]</subfield></datafield><datafield ind2="1" ind1="0" tag="331"><subfield code="a">Design and realization of a stepper motor controller for moving a robot arm</subfield></datafield><datafield ind2=" " ind1="0" tag="425"><subfield code="a">2010</subfield></datafield><datafield ind2="1" ind1="0" tag="519"><subfield code="a">Aachen, FH, Bachelorarbeit, 2010</subfield></datafield></record>