<record format="MarcXchange" type="Bibliographic"><leader>00000     2200000   000 </leader><controlfield tag="001">467226</controlfield><controlfield tag="002">02.12.2013</controlfield><datafield ind2="1" ind1="0" tag="014"><subfield code="a">61 ET 13/14-02B</subfield></datafield><datafield ind2="1" ind1="0" tag="015"><subfield code="a">ger</subfield></datafield><datafield ind2="1" ind1="0" tag="029"><subfield code="a">06</subfield></datafield><datafield ind2="1" ind1="0" tag="100"><subfield code="a">Shen, Jieni</subfield></datafield><datafield ind2="1" ind1="0" tag="101"><subfield code="a">Alt, Helmut [Betreuer]</subfield></datafield><datafield ind2="1" ind1="0" tag="331"><subfield code="a">Untersuchung der Zustandsgrößen und Betriebszustände einer HGÜ-bipolaren Hochspannungsleitung</subfield></datafield><datafield ind2=" " ind1="0" tag="425"><subfield code="a">2013</subfield></datafield><datafield ind2="1" ind1="0" tag="519"><subfield code="a">Aachen, FH, Bachelorarbeit, 2013</subfield></datafield></record>