<record format="MarcXchange" type="Bibliographic"><leader>00000     2200000   000 </leader><controlfield tag="001">468265</controlfield><controlfield tag="002">13.12.2013</controlfield><controlfield tag="003">13.12.2013</controlfield><datafield ind2="1" ind1="0" tag="014"><subfield code="a">61 P 13-102B</subfield></datafield><datafield ind2="1" ind1="0" tag="015"><subfield code="a">eng</subfield></datafield><datafield ind2="1" ind1="0" tag="029"><subfield code="a">06</subfield></datafield><datafield ind2="1" ind1="0" tag="100"><subfield code="a">Sicheng, Lu</subfield></datafield><datafield ind2="1" ind1="0" tag="101"><subfield code="a">Förster, Arnold  [Betreuer]</subfield></datafield><datafield ind2="1" ind1="0" tag="331"><subfield code="a">Measurement and Analysis of spin Resonance Strength with RF Dipole Field Magnet</subfield></datafield><datafield ind2=" " ind1="0" tag="359"><subfield code="a">in Zusammenarbeit mit: Forschungszentrum Jülich (PD Dr. Andreas Lehrach)</subfield></datafield><datafield ind2=" " ind1="0" tag="425"><subfield code="a">2013</subfield></datafield><datafield ind2="1" ind1="0" tag="519"><subfield code="a">Aachen, FH, Bachelorarbeit, 2013</subfield></datafield></record>