<record format="MarcXchange" type="Bibliographic"><leader>00000     2200000   000 </leader><controlfield tag="001">473024</controlfield><controlfield tag="002">10.01.2014</controlfield><controlfield tag="003">10.01.2014</controlfield><datafield ind2="1" ind1="0" tag="014"><subfield code="a">61 P 13/14-41B</subfield></datafield><datafield ind2="1" ind1="0" tag="015"><subfield code="a">ger</subfield></datafield><datafield ind2="1" ind1="0" tag="029"><subfield code="a">06</subfield></datafield><datafield ind2="1" ind1="0" tag="100"><subfield code="a">Siegburg, Robert</subfield></datafield><datafield ind2="1" ind1="0" tag="101"><subfield code="a">Stegelmann, Ulrich [Betreuer]</subfield></datafield><datafield ind2="1" ind1="0" tag="331"><subfield code="a">Realisierung einer Webservice-basierten Remote Computing Lösung für den High-Performance Simulator 13CFLUX2</subfield></datafield><datafield ind2=" " ind1="0" tag="359"><subfield code="a">in Zusammenarbeit mit: Forschungszentrum Jülich GmbH/Institut für Bio- und Geowissenschaften IBG-1: Biotechnologie (Dr. Katharina Nöh)</subfield></datafield><datafield ind2=" " ind1="0" tag="425"><subfield code="a">2013</subfield></datafield><datafield ind2="1" ind1="0" tag="519"><subfield code="a">Aachen, FH, Bachelorarbeit, 2014</subfield></datafield></record>