<record format="MarcXchange" type="Bibliographic"><leader>00000     2200000   000 </leader><controlfield tag="001">241008</controlfield><controlfield tag="002">09.06.2008</controlfield><controlfield tag="003">22.07.2013</controlfield><datafield ind2="1" ind1="9" tag="904"><subfield code="a">241007</subfield></datafield><datafield ind2="1" ind1="9" tag="905"><subfield code="a">08/0002383</subfield></datafield><datafield ind2="1" ind1="9" tag="909"><subfield code="a">HBZ</subfield></datafield><datafield ind2="1" ind1="0" tag="010"><subfield code="a">HT015494855</subfield></datafield><datafield ind2="1" ind1="0" tag="014"><subfield code="a">61 ZPMB 48</subfield></datafield><datafield ind2="1" ind1="0" tag="015"><subfield code="a">ger</subfield></datafield><datafield ind2=" " ind1="0" tag="027"><subfield code="a">V</subfield></datafield><datafield ind2="1" ind1="0" tag="035"><subfield code="a">DE</subfield></datafield><datafield ind2=" " ind1="0" tag="036"><subfield code="a">s</subfield></datafield><datafield ind2=" " ind1="0" tag="038"><subfield code="a">y</subfield></datafield><datafield ind2="1" ind1="0" tag="100"><subfield code="a">Siemes, Philipp Mathias Karl</subfield></datafield><datafield ind2="1" ind1="0" tag="331"><subfield code="a">Verbesserte Systemintegration von Windenergieanlagen mittels Druckluftspeichern</subfield></datafield><datafield ind2=" " ind1="0" tag="359"><subfield code="a">Philipp Mathias Karl Siemes</subfield></datafield><datafield ind2=" " ind1="0" tag="403"><subfield code="a">1. Aufl.</subfield></datafield><datafield ind2="1" ind1="0" tag="410"><subfield code="a">Aachen</subfield></datafield><datafield ind2="1" ind1="0" tag="412"><subfield code="a">Klinkenberg</subfield></datafield><datafield ind2=" " ind1="0" tag="425"><subfield code="a">2008</subfield></datafield><datafield ind2="1" ind1="0" tag="433"><subfield code="a">V, 88 S. : graph. Darst.</subfield></datafield><datafield ind2="1" ind1="0" tag="451"><subfield code="a">Aachener Beiträge zur Energieversorgung ; 121</subfield></datafield><datafield ind2="1" ind1="0" tag="453"><subfield code="a">HT004275499</subfield></datafield><datafield ind2="1" ind1="0" tag="455"><subfield code="a">121</subfield></datafield><datafield ind2="1" ind1="0" tag="519"><subfield code="a">Zugl.: Aachen, Techn. Hochsch., Diss., 2007</subfield></datafield><datafield ind2="1" ind1="0" tag="540"><subfield code="a">978-3-934318-85-4</subfield></datafield><datafield ind2="1" ind1="0" tag="662"><subfield code="a">http://digitool.hbz-nrw.de:1801/webclient/DeliveryManager?pid=3407559&amp;custom_att_2=simple_viewer</subfield></datafield><datafield ind2="2" ind1="0" tag="662"><subfield code="a">http://digitool.hbz-nrw.de:1801/webclient/DeliveryManager?pid=3407560&amp;custom_att_2=simple_viewer</subfield></datafield><datafield ind2="1" ind1="0" tag="663"><subfield code="a">Kontakt: B:DE-101; Dateiformattyp: application/pdf; Bezugswerk: Inhaltsverzeichnis; Bez.: 2</subfield></datafield><datafield ind2="2" ind1="0" tag="663"><subfield code="a">Link-Text: Verbesserte Systemintegration von Windenergieanlagen mittels Druckluftspeichern; Interna: Zusätzliche Angaben</subfield></datafield><datafield ind2="1" ind1="0" tag="700"><subfield code="a">ZPMB</subfield></datafield><datafield ind2=" " ind1="0" tag="800"><subfield code="a">a</subfield></datafield><datafield ind2="1" ind1="0" tag="902"><subfield code="a">Windkraftwerk</subfield></datafield><datafield ind2="2" ind1="0" tag="902"><subfield code="a">Energiespeicher</subfield></datafield><datafield ind2="3" ind1="0" tag="902"><subfield code="a">Druckluft</subfield></datafield><datafield ind2="1" ind1="0" tag="903"><subfield code="a">213</subfield></datafield><datafield ind2="2" ind1="0" tag="903"><subfield code="a">321</subfield></datafield><datafield ind2="1" ind1="1" tag="024"><subfield code="a">HBZHT015494855</subfield></datafield><datafield ind2="1" ind1="1" tag="672"><subfield code="a">Aachen</subfield></datafield><datafield ind2="1" ind1="1" tag="675"><subfield code="a">(DE-588)4000003-5</subfield></datafield></record>