<record format="MarcXchange" type="Bibliographic"><leader>00000     2200000   000 </leader><controlfield tag="001">410286</controlfield><controlfield tag="002">29.01.2013</controlfield><datafield ind2="1" ind1="0" tag="014"><subfield code="a">61 C 12-61</subfield></datafield><datafield ind2="1" ind1="0" tag="015"><subfield code="a">ger</subfield></datafield><datafield ind2="1" ind1="0" tag="029"><subfield code="a">06</subfield></datafield><datafield ind2="1" ind1="0" tag="100"><subfield code="a">Simeg, Denis</subfield></datafield><datafield ind2="1" ind1="0" tag="101"><subfield code="a">Jeromin, Günter [Betreuer]</subfield></datafield><datafield ind2="1" ind1="0" tag="331"><subfield code="a">Herstellung, Charakterisierung und Umsetzung von und mit immobilisierten Superlipasen</subfield></datafield><datafield ind2=" " ind1="0" tag="425"><subfield code="a">2011</subfield></datafield><datafield ind2="1" ind1="0" tag="519"><subfield code="a">Aachen, FH, Diplomarbeit, 2013</subfield></datafield></record>