<record format="MarcXchange" type="Bibliographic"><leader>00000     2200000   000 </leader><controlfield tag="001">463373</controlfield><controlfield tag="002">13.11.2013</controlfield><datafield ind2="1" ind1="0" tag="014"><subfield code="a">61 EU 13-29M</subfield></datafield><datafield ind2="1" ind1="0" tag="015"><subfield code="a">eng</subfield></datafield><datafield ind2="1" ind1="0" tag="029"><subfield code="a">06</subfield></datafield><datafield ind2="1" ind1="0" tag="100"><subfield code="a">Singh, Bhawesh</subfield></datafield><datafield ind2="1" ind1="0" tag="101"><subfield code="a">Daldrup, Ulrich [Betreuer]</subfield></datafield><datafield ind2="1" ind1="0" tag="331"><subfield code="a">Advantages of Decentralised Hybrid Renewable Energy Solutions over the Stand-alone or Hybrid PV-Wind Concepts</subfield></datafield><datafield ind2="1" ind1="0" tag="335"><subfield code="a">Case study: Electrification of a village community and its telecommunication Base Transceiver Station (BTS) in Mahadevsthan, Nepal</subfield></datafield><datafield ind2=" " ind1="0" tag="359"><subfield code="a">in Zusammenarbeit mit: enbreeze GmbH, Köln (Martin Riedel (CEO))</subfield></datafield><datafield ind2=" " ind1="0" tag="425"><subfield code="a">2013</subfield></datafield><datafield ind2="1" ind1="0" tag="519"><subfield code="a">Aachen, FH, Masterarbeit, 2013</subfield></datafield></record>