<record format="MarcXchange" type="Bibliographic"><leader>00000     2200000   000 </leader><controlfield tag="001">279552</controlfield><controlfield tag="002">19.11.2010</controlfield><datafield ind2="1" ind1="0" tag="014"><subfield code="a">61 EU 10-42M</subfield></datafield><datafield ind2="1" ind1="0" tag="015"><subfield code="a">eng</subfield></datafield><datafield ind2="1" ind1="0" tag="029"><subfield code="a">06</subfield></datafield><datafield ind2="1" ind1="0" tag="100"><subfield code="a">Skosyrev, Timur</subfield></datafield><datafield ind2="1" ind1="0" tag="101"><subfield code="a">Hake, Jürgen-Friedrich [Betreuer]</subfield></datafield><datafield ind2="1" ind1="0" tag="331"><subfield code="a">The influence of the potential China-Russia gas cooperation on the gas security of the EU</subfield></datafield><datafield ind2=" " ind1="0" tag="425"><subfield code="a">2010</subfield></datafield><datafield ind2="1" ind1="0" tag="519"><subfield code="a">Aachen, FH, Masterarbeit, 2010</subfield></datafield></record>