<record format="MarcXchange" type="Bibliographic"><leader>00000     2200000   000 </leader><controlfield tag="001">277239</controlfield><controlfield tag="002">13.09.2010</controlfield><controlfield tag="003">13.09.2010</controlfield><datafield ind2="1" ind1="0" tag="014"><subfield code="a">61 C 10-23B</subfield></datafield><datafield ind2="1" ind1="0" tag="015"><subfield code="a">ger</subfield></datafield><datafield ind2="1" ind1="0" tag="029"><subfield code="a">06</subfield></datafield><datafield ind2="1" ind1="0" tag="100"><subfield code="a">Slowik, Alexander</subfield></datafield><datafield ind2="1" ind1="0" tag="101"><subfield code="a">Dieckhoff, Josef [Betreuer]</subfield></datafield><datafield ind2="1" ind1="0" tag="331"><subfield code="a">Potenzielle Beteiligung von Formyl-Peptid-Rezeptoren und dem Rezeptor für Advance Glycation End Products (RAGE) an der Amyloid-ß 1-42(Aß1-42)-induzierten Signaltransduktion in Gliazellen</subfield></datafield><datafield ind2=" " ind1="0" tag="359"><subfield code="a">in Zusammenarbeit mit: Uniklinikum Aachen/Institut für Anatomie und Zellbiologie (Dr. rer. nat. Lars-Ove Brandenburg)</subfield></datafield><datafield ind2=" " ind1="0" tag="425"><subfield code="a">2010</subfield></datafield><datafield ind2="1" ind1="0" tag="519"><subfield code="a">Aachen, FH, Bachelorarbeit, 2010</subfield></datafield></record>