<record format="MarcXchange" type="Bibliographic"><leader>00000     2200000   000 </leader><controlfield tag="001">249987</controlfield><controlfield tag="002">02.04.2009</controlfield><controlfield tag="003">02.04.2009</controlfield><datafield ind2="1" ind1="0" tag="014"><subfield code="a">61 C 09-01</subfield></datafield><datafield ind2="1" ind1="0" tag="015"><subfield code="a">ger</subfield></datafield><datafield ind2="1" ind1="0" tag="029"><subfield code="a">06</subfield></datafield><datafield ind2="1" ind1="0" tag="100"><subfield code="a">Smits, Julian</subfield></datafield><datafield ind2="1" ind1="0" tag="101"><subfield code="a">Biselli, Manfred [Betreuer]</subfield></datafield><datafield ind2="1" ind1="0" tag="331"><subfield code="a">In vitro Untersuchungen zur Wirksamkeit ausgewählter Pflanzenextrakte auf Photoaging-Effekte in primären dermalen Fibroblasten</subfield></datafield><datafield ind2="1" ind1="0" tag="335"><subfield code="a">Vewertung der Rolle des PPARy</subfield></datafield><datafield ind2=" " ind1="0" tag="359"><subfield code="a">in Zusammenarbeit mit: Steinhausen, CH (Dr. Evelyn Wolfram)</subfield></datafield><datafield ind2=" " ind1="0" tag="425"><subfield code="a">2009</subfield></datafield><datafield ind2="1" ind1="0" tag="519"><subfield code="a">Aachen, FH, Diplomarbeit, 2009</subfield></datafield></record>