<record format="MarcXchange" type="Bibliographic"><leader>00000     2200000   000 </leader><controlfield tag="001">233645</controlfield><controlfield tag="002">19.12.2007</controlfield><controlfield tag="003">14.05.2012</controlfield><datafield ind2="1" ind1="9" tag="905"><subfield code="a">07/0004639</subfield></datafield><datafield ind2="1" ind1="9" tag="909"><subfield code="a">HBZ</subfield></datafield><datafield ind2="1" ind1="0" tag="010"><subfield code="a">HT003312747</subfield></datafield><datafield ind2="1" ind1="0" tag="014"><subfield code="a">61 WCC 54</subfield></datafield><datafield ind2="1" ind1="0" tag="015"><subfield code="a">ger</subfield></datafield><datafield ind2=" " ind1="0" tag="027"><subfield code="a">V</subfield></datafield><datafield ind2="1" ind1="0" tag="035"><subfield code="a">DE</subfield></datafield><datafield ind2=" " ind1="0" tag="036"><subfield code="a">m</subfield></datafield><datafield ind2=" " ind1="0" tag="038"><subfield code="a">y</subfield></datafield><datafield ind2="1" ind1="0" tag="100"><subfield code="a">Staat, Manfred</subfield></datafield><datafield ind2="1" ind1="0" tag="331"><subfield code="a">Nichtlineare Wellen in elastischen Scheiben</subfield></datafield><datafield ind2=" " ind1="0" tag="425"><subfield code="a">1987</subfield></datafield><datafield ind2="1" ind1="0" tag="433"><subfield code="a">VIII, 197 S. : graph. Darst.</subfield></datafield><datafield ind2="1" ind1="0" tag="519"><subfield code="a">Aachen, Techn. Hochsch., Diss., 1987</subfield></datafield><datafield ind2="1" ind1="0" tag="700"><subfield code="a">WCC</subfield></datafield><datafield ind2=" " ind1="0" tag="800"><subfield code="a">a</subfield></datafield><datafield ind2="1" ind1="0" tag="902"><subfield code="a">Wellenausbreitung</subfield></datafield><datafield ind2="2" ind1="0" tag="902"><subfield code="a">Anisotropie</subfield></datafield><datafield ind2="1" ind1="0" tag="907"><subfield code="a">Scheibe</subfield></datafield><datafield ind2="2" ind1="0" tag="907"><subfield code="a">Elastomechanik</subfield></datafield><datafield ind2="3" ind1="0" tag="907"><subfield code="a">Nichtlineare Welle</subfield></datafield><datafield ind2="1" ind1="1" tag="672"><subfield code="a">Aachen</subfield></datafield><datafield ind2="1" ind1="1" tag="675"><subfield code="a">2027976-0</subfield></datafield></record>