<record format="MarcXchange" type="Bibliographic"><leader>00000     2200000   000 </leader><controlfield tag="001">279473</controlfield><controlfield tag="002">17.11.2010</controlfield><controlfield tag="003">16.09.2013</controlfield><datafield ind2="1" ind1="0" tag="014"><subfield code="a">61 EU 10-38B</subfield></datafield><datafield ind2="1" ind1="0" tag="015"><subfield code="a">ger</subfield></datafield><datafield ind2="1" ind1="0" tag="029"><subfield code="a">06</subfield></datafield><datafield ind2="1" ind1="0" tag="100"><subfield code="a">Stolarski, Alice</subfield></datafield><datafield ind2="1" ind1="0" tag="101"><subfield code="a">Förster, Arnold  [Betreuer]</subfield></datafield><datafield ind2="1" ind1="0" tag="331"><subfield code="a">Konzeption, Konstruktion und Inbetriebnahme eines Messstandes zur Emissionsgradbestimmung unterschiedlich oberflächenbearbeiteter Werkstoffe, dessen Steuerung und Auswertung mittels LabVIEW erfolgt</subfield></datafield><datafield ind2=" " ind1="0" tag="359"><subfield code="a">in Zusammenarbeit mit: Fa. Oerlikon Leybold Vacuum GmbH (Dipl.-Ing. Holger Dietz)</subfield></datafield><datafield ind2=" " ind1="0" tag="425"><subfield code="a">2010</subfield></datafield><datafield ind2="1" ind1="0" tag="519"><subfield code="a">Aachen, FH, Bachelorarbeit, 2010</subfield></datafield></record>