<record format="MarcXchange" type="Bibliographic"><leader>00000     2200000   000 </leader><controlfield tag="001">132447</controlfield><controlfield tag="002">08.08.1996</controlfield><controlfield tag="003">28.08.2007</controlfield><datafield ind2="1" ind1="9" tag="905"><subfield code="a">96/0002891</subfield></datafield><datafield ind2="1" ind1="9" tag="909"><subfield code="a">HBZ</subfield></datafield><datafield ind2="1" ind1="0" tag="010"><subfield code="a">HT007307106</subfield></datafield><datafield ind2="1" ind1="0" tag="011"><subfield code="a">LL004712889</subfield></datafield><datafield ind2="1" ind1="0" tag="014"><subfield code="a">61 ZPMA 1053</subfield></datafield><datafield ind2="1" ind1="0" tag="015"><subfield code="a">ger</subfield></datafield><datafield ind2=" " ind1="0" tag="027"><subfield code="a">V</subfield></datafield><datafield ind2="1" ind1="0" tag="030"><subfield code="a">103-00002</subfield></datafield><datafield ind2="1" ind1="0" tag="031"><subfield code="a">BB6-96/0000703</subfield></datafield><datafield ind2=" " ind1="0" tag="036"><subfield code="a">m</subfield></datafield><datafield ind2="1" ind1="0" tag="100"><subfield code="a">Sugianto, Anthonius</subfield></datafield><datafield ind2="1" ind1="0" tag="331"><subfield code="a">Untersuchung des Sommer-Wintereffekts an einer solaren Brauchwasseranlage mit elektrisch simuliertem Kollektor</subfield></datafield><datafield ind2=" " ind1="0" tag="359"><subfield code="a">von Anthonius Sugianto</subfield></datafield><datafield ind2="1" ind1="0" tag="410"><subfield code="a">Aachen</subfield></datafield><datafield ind2=" " ind1="0" tag="425"><subfield code="a">1990</subfield></datafield><datafield ind2="1" ind1="0" tag="433"><subfield code="a">73, [28] Bl. : graph. Darst.</subfield></datafield><datafield ind2="1" ind1="0" tag="519"><subfield code="a">Aachen, Fachhochsch., Diplomarbeit, 1990</subfield></datafield><datafield ind2="1" ind1="0" tag="606"><subfield code="a">Bd</subfield></datafield><datafield ind2="1" ind1="0" tag="700"><subfield code="a">ZPMA</subfield></datafield><datafield ind2=" " ind1="0" tag="800"><subfield code="a">a</subfield></datafield><datafield ind2="1" ind1="1" tag="024"><subfield code="a">a|a|||||||||||</subfield></datafield><datafield ind2="2" ind1="1" tag="024"><subfield code="a">a|a||||||||</subfield></datafield><datafield ind2="1" ind1="1" tag="672"><subfield code="a">Aachen</subfield></datafield></record>