<record format="MarcXchange" type="Bibliographic"><leader>00000     2200000   000 </leader><controlfield tag="001">249184</controlfield><controlfield tag="002">18.03.2009</controlfield><controlfield tag="003">18.03.2009</controlfield><datafield ind2="1" ind1="0" tag="014"><subfield code="a">61 ET 08/09-05B</subfield></datafield><datafield ind2="1" ind1="0" tag="015"><subfield code="a">ger</subfield></datafield><datafield ind2="1" ind1="0" tag="029"><subfield code="a">06</subfield></datafield><datafield ind2="1" ind1="0" tag="100"><subfield code="a">Sumner, Dirk</subfield></datafield><datafield ind2="1" ind1="0" tag="101"><subfield code="a">Helsper, Christoph [Betreuer]</subfield></datafield><datafield ind2="1" ind1="0" tag="331"><subfield code="a">Entwicklung einer Fadenzugkraftregelung beim Spulprozess mit dem Ziel, dynamische Fadenzugkarftschwankungen auszuregeln</subfield></datafield><datafield ind2=" " ind1="0" tag="359"><subfield code="a">in Zusammenarbeit mit: Fa. Oerlikon Schlafhorst/Abteilung R&amp;D Winding (Dipl.-Ing. Peter Hennig)</subfield></datafield><datafield ind2=" " ind1="0" tag="425"><subfield code="a">2008</subfield></datafield><datafield ind2="1" ind1="0" tag="519"><subfield code="a">Aachen, FH, Bachelorarbeit, 2008</subfield></datafield></record>