<record format="MarcXchange" type="Bibliographic"><leader>00000     2200000   000 </leader><controlfield tag="001">460145</controlfield><controlfield tag="002">24.10.2013</controlfield><controlfield tag="003">24.10.2013</controlfield><datafield ind2="1" ind1="0" tag="014"><subfield code="a">61 EU 13-25M</subfield></datafield><datafield ind2="1" ind1="0" tag="015"><subfield code="a">eng</subfield></datafield><datafield ind2="1" ind1="0" tag="029"><subfield code="a">06</subfield></datafield><datafield ind2="1" ind1="0" tag="100"><subfield code="a">Tabibi, Ali</subfield></datafield><datafield ind2="1" ind1="0" tag="101"><subfield code="a">Daldrup, Ulrich [Betreuer]</subfield></datafield><datafield ind2="1" ind1="0" tag="331"><subfield code="a">Energy Efficiency Improvement in an Open Cycle Power Plant</subfield></datafield><datafield ind2="1" ind1="0" tag="335"><subfield code="a">HRSG &amp; DHC system</subfield></datafield><datafield ind2=" " ind1="0" tag="425"><subfield code="a">2013</subfield></datafield><datafield ind2="1" ind1="0" tag="519"><subfield code="a">Aachen, FH, Masterarbeit, 2013</subfield></datafield></record>