<record format="MarcXchange" type="Bibliographic"><leader>00000     2200000   000 </leader><controlfield tag="001">277459</controlfield><controlfield tag="002">20.09.2010</controlfield><controlfield tag="003">20.09.2010</controlfield><datafield ind2="1" ind1="0" tag="014"><subfield code="a">61 KT 10-19B</subfield></datafield><datafield ind2="1" ind1="0" tag="015"><subfield code="a">ger</subfield></datafield><datafield ind2="1" ind1="0" tag="029"><subfield code="a">06</subfield></datafield><datafield ind2="1" ind1="0" tag="100"><subfield code="a">Tastepe, Dilek</subfield></datafield><datafield ind2="1" ind1="0" tag="101"><subfield code="a">Hoyler, Friedrich [Betreuer]</subfield></datafield><datafield ind2="1" ind1="0" tag="331"><subfield code="a">Simulation der Detektoreffizienz mit Hilfe des Programmes GESPECOR</subfield></datafield><datafield ind2=" " ind1="0" tag="425"><subfield code="a">2010</subfield></datafield><datafield ind2="1" ind1="0" tag="519"><subfield code="a">Aachen, FH, Bachelorarbeit, 2010</subfield></datafield></record>