<record format="MarcXchange" type="Bibliographic"><leader>00000     2200000   000 </leader><controlfield tag="001">367709</controlfield><controlfield tag="002">23.03.2012</controlfield><datafield ind2="1" ind1="0" tag="014"><subfield code="a">61 C 11/12-41M</subfield></datafield><datafield ind2="1" ind1="0" tag="015"><subfield code="a">ger</subfield></datafield><datafield ind2="1" ind1="0" tag="029"><subfield code="a">06</subfield></datafield><datafield ind2="1" ind1="0" tag="100"><subfield code="a">Taute, Stefanie</subfield></datafield><datafield ind2="1" ind1="0" tag="101"><subfield code="a">Biselli, Manfred [Betreuer]</subfield></datafield><datafield ind2="1" ind1="0" tag="331"><subfield code="a">Herstellung lentiviraler VSV-G pseudotypisierter HIV-1-Vektoren zur spezifischen Übertragung von HLA-Klasse-I-Molekülen in unreife dendritische Zellen</subfield></datafield><datafield ind2=" " ind1="0" tag="359"><subfield code="a">in Zusammenarbeit mit: Universität Köln/Institut für Virologie (Dr. rer. nat. Rolf Kaiser)</subfield></datafield><datafield ind2=" " ind1="0" tag="425"><subfield code="a">2011</subfield></datafield><datafield ind2="1" ind1="0" tag="519"><subfield code="a">Aachen, FH, Masterarbeit, 2012</subfield></datafield></record>