<record format="MarcXchange" type="Bibliographic"><leader>00000     2200000   000 </leader><controlfield tag="001">436798</controlfield><controlfield tag="002">16.08.2013</controlfield><datafield ind2="1" ind1="0" tag="014"><subfield code="a">61 C 13-06B</subfield></datafield><datafield ind2="1" ind1="0" tag="015"><subfield code="a">eng</subfield></datafield><datafield ind2="1" ind1="0" tag="029"><subfield code="a">06</subfield></datafield><datafield ind2="1" ind1="0" tag="100"><subfield code="a">Theobald, Sebastian</subfield></datafield><datafield ind2="1" ind1="0" tag="101"><subfield code="a">Öhlschläger, Peter [Betreuer]</subfield></datafield><datafield ind2="1" ind1="0" tag="331"><subfield code="a">G-quadruplex ligands</subfield></datafield><datafield ind2="1" ind1="0" tag="335"><subfield code="a">Targeting telomeres and telomerase as anti-cancer drugs</subfield></datafield><datafield ind2=" " ind1="0" tag="359"><subfield code="a">in Zusammenarbeit mit: German Cancer Research Center (DKFZ), Heidelberg (Dr. rer. nat. Karin M. Greulich-Bode)</subfield></datafield><datafield ind2=" " ind1="0" tag="425"><subfield code="a">2013</subfield></datafield><datafield ind2="1" ind1="0" tag="519"><subfield code="a">Aachen, FH, Bachelorarbeit, 2013</subfield></datafield></record>