<record format="MarcXchange" type="Bibliographic"><leader>00000     2200000   000 </leader><controlfield tag="001">271848</controlfield><controlfield tag="002">02.07.2010</controlfield><datafield ind2="1" ind1="0" tag="014"><subfield code="a">61 C 10-06</subfield></datafield><datafield ind2="1" ind1="0" tag="015"><subfield code="a">ger</subfield></datafield><datafield ind2="1" ind1="0" tag="029"><subfield code="a">06</subfield></datafield><datafield ind2="1" ind1="0" tag="100"><subfield code="a">Theß, Christoph</subfield></datafield><datafield ind2="1" ind1="0" tag="101"><subfield code="a">Rath, Walter [Betreuer]</subfield></datafield><datafield ind2="1" ind1="0" tag="331"><subfield code="a">Harzmodifizierte Haftklebstoffe auf Basis von hydroxyl-funktionalisierten Polyurethan-Hotmelt-Prepolymeren</subfield></datafield><datafield ind2=" " ind1="0" tag="359"><subfield code="a">in Zusammenarbeit mit: Forschungszentrum tesa SE Hamburg (Dr. Uwe Schümann)</subfield></datafield><datafield ind2=" " ind1="0" tag="425"><subfield code="a">2010</subfield></datafield><datafield ind2="1" ind1="0" tag="519"><subfield code="a">Aachen, FH, Diplomarbeit, 2010</subfield></datafield><datafield ind2="1" ind1="0" tag="600"><subfield code="a">unter Verschluss bis 2020</subfield></datafield></record>