<record format="MarcXchange" type="Bibliographic"><leader>00000     2200000   000 </leader><controlfield tag="001">494483</controlfield><controlfield tag="002">21.05.2014</controlfield><datafield ind2="1" ind1="0" tag="014"><subfield code="a">61 ET 14-01B</subfield></datafield><datafield ind2="1" ind1="0" tag="015"><subfield code="a">ger</subfield></datafield><datafield ind2="1" ind1="0" tag="029"><subfield code="a">06</subfield></datafield><datafield ind2="1" ind1="0" tag="100"><subfield code="a">Thom, René</subfield></datafield><datafield ind2="1" ind1="0" tag="101"><subfield code="a">Kern, Alexander [Betreuer]</subfield></datafield><datafield ind2="1" ind1="0" tag="331"><subfield code="a">Erweiterung des Versuches zum Gleichspannungsdurchschlag in Hochspannungspraktikum für Drücke zwischen 0,1kPa - 100kPa</subfield></datafield><datafield ind2=" " ind1="0" tag="425"><subfield code="a">2014</subfield></datafield><datafield ind2="1" ind1="0" tag="519"><subfield code="a">Aachen, FH, Bachelorarbeit, 2014</subfield></datafield></record>