<record format="MarcXchange" type="Bibliographic"><leader>00000     2200000   000 </leader><controlfield tag="001">263983</controlfield><controlfield tag="002">26.03.2010</controlfield><controlfield tag="003">14.01.2014</controlfield><datafield ind2="1" ind1="0" tag="014"><subfield code="a">61 EU 09/10-32M</subfield></datafield><datafield ind2="1" ind1="0" tag="015"><subfield code="a">eng</subfield></datafield><datafield ind2="1" ind1="0" tag="029"><subfield code="a">06</subfield></datafield><datafield ind2="1" ind1="0" tag="100"><subfield code="a">Ting, Guo</subfield></datafield><datafield ind2="1" ind1="0" tag="101"><subfield code="a">Faber, Christian [Betreuer]</subfield></datafield><datafield ind2="1" ind1="0" tag="331"><subfield code="a">Textured glass as substrate for silicon thin film solar cells</subfield></datafield><datafield ind2=" " ind1="0" tag="359"><subfield code="a">in Zusammenarbeit mit: Forschungszentrum Jülich (Dr. Eerke Bunte)</subfield></datafield><datafield ind2=" " ind1="0" tag="425"><subfield code="a">2009</subfield></datafield><datafield ind2="1" ind1="0" tag="519"><subfield code="a">Aachen, FH, Masterarbeit, 2009</subfield></datafield><datafield ind2="1" ind1="0" tag="600"><subfield code="a">freigegeben 1401</subfield></datafield></record>