<record format="MarcXchange" type="Bibliographic"><leader>00000     2200000   000 </leader><controlfield tag="001">269935</controlfield><controlfield tag="002">28.05.2010</controlfield><datafield ind2="1" ind1="0" tag="014"><subfield code="a">61 EU 10-01M</subfield></datafield><datafield ind2="1" ind1="0" tag="015"><subfield code="a">eng</subfield></datafield><datafield ind2="1" ind1="0" tag="029"><subfield code="a">06</subfield></datafield><datafield ind2="1" ind1="0" tag="100"><subfield code="a">Tobing, Stefanus</subfield></datafield><datafield ind2="1" ind1="0" tag="101"><subfield code="a">Hänsel, Michael [Betreuer]</subfield></datafield><datafield ind2="1" ind1="0" tag="331"><subfield code="a">Effect of atmosphere composition on high temperature oxidation of chromia forming alloys</subfield></datafield><datafield ind2=" " ind1="0" tag="425"><subfield code="a">2010</subfield></datafield><datafield ind2="1" ind1="0" tag="519"><subfield code="a">Aachen, FH, Masterarbeit, 2010</subfield></datafield></record>