<record format="MarcXchange" type="Bibliographic"><leader>00000     2200000   000 </leader><controlfield tag="001">368670</controlfield><controlfield tag="002">16.04.2012</controlfield><datafield ind2="1" ind1="0" tag="014"><subfield code="a">61 BMT 11/12-61B</subfield></datafield><datafield ind2="1" ind1="0" tag="015"><subfield code="a">ger</subfield></datafield><datafield ind2="1" ind1="0" tag="029"><subfield code="a">06</subfield></datafield><datafield ind2="1" ind1="0" tag="100"><subfield code="a">Topp, Jennifer</subfield></datafield><datafield ind2="1" ind1="0" tag="101"><subfield code="a">Stellberg, Michael [Betreuer]</subfield></datafield><datafield ind2="1" ind1="0" tag="331"><subfield code="a">Optimierung der Adhäsion einer Klebeverbindung durch verschiedene Methoden der Oberflächenvorbehandlung am Beispiel eines Medizinproduktes</subfield></datafield><datafield ind2=" " ind1="0" tag="359"><subfield code="a">in Zusammenarbeit mit: Medos Medizintechnik AG (Dipl.-Ing.MBA(D/CH) Thomas Hendrix)</subfield></datafield><datafield ind2=" " ind1="0" tag="425"><subfield code="a">2012</subfield></datafield><datafield ind2="1" ind1="0" tag="519"><subfield code="a">Aachen, FH, Bachelorarbeit, 2012</subfield></datafield><datafield ind2="1" ind1="0" tag="600"><subfield code="a">für immer unter Verschluss</subfield></datafield></record>