<record format="MarcXchange" type="Bibliographic"><leader>00000     2200000   000 </leader><controlfield tag="001">400915</controlfield><controlfield tag="002">27.11.2012</controlfield><controlfield tag="003">04.12.2012</controlfield><datafield ind2="1" ind1="0" tag="014"><subfield code="a">61 C 12-24B</subfield></datafield><datafield ind2="1" ind1="0" tag="015"><subfield code="a">ger</subfield></datafield><datafield ind2="1" ind1="0" tag="029"><subfield code="a">06</subfield></datafield><datafield ind2="1" ind1="0" tag="100"><subfield code="a">Trampnau, Patrick</subfield></datafield><datafield ind2="1" ind1="0" tag="101"><subfield code="a">Dieckhoff, Josef [Betreuer]</subfield></datafield><datafield ind2="1" ind1="0" tag="331"><subfield code="a">Präparation und Qualitätskontrolle von 131I-markiertem Diethylstilbestrol (DES) &amp; kolloidalem 177 Lu-Eisenhydroxid, zwei neue potenzielle Radiotherapeutika</subfield></datafield><datafield ind2=" " ind1="0" tag="359"><subfield code="a">in Zusammenarbeit mit: Uniklinik Köln/Klinik und Poliklinik für Nuklearmedizin (Prof. Dr. Klaus Schomäcker)</subfield></datafield><datafield ind2=" " ind1="0" tag="425"><subfield code="a">2012</subfield></datafield><datafield ind2="1" ind1="0" tag="519"><subfield code="a">Aachen, FH, Bachelorarbeit, 2012</subfield></datafield><datafield ind2="1" ind1="0" tag="600"><subfield code="a">für immer unter Verschluss</subfield></datafield></record>