<record format="MarcXchange" type="Bibliographic"><leader>00000     2200000   000 </leader><controlfield tag="001">468123</controlfield><controlfield tag="002">12.12.2013</controlfield><datafield ind2="1" ind1="0" tag="014"><subfield code="a">61 P 13-101B</subfield></datafield><datafield ind2="1" ind1="0" tag="015"><subfield code="a">ger</subfield></datafield><datafield ind2="1" ind1="0" tag="029"><subfield code="a">06</subfield></datafield><datafield ind2="1" ind1="0" tag="100"><subfield code="a">Trieu, Long</subfield></datafield><datafield ind2="1" ind1="0" tag="101"><subfield code="a">Carius, Reinhard [Betreuer]</subfield></datafield><datafield ind2="1" ind1="0" tag="331"><subfield code="a">Inbetriebnahme und Steuerung einer PECVD-Anlage mit anschließender Automatisierung des Probentransfers durch einen Hochvakuum-Roboterarm mittels einer Speicherprogrammierbaren Steuerung</subfield></datafield><datafield ind2=" " ind1="0" tag="359"><subfield code="a">in Zusammenarbeit mit: Forschungszentrum Jülich/Institut für Energie- und Klimaforschung 5, Photovoltaik (IEK-5) (Dipl.-Ing. Josef Klomfaß)</subfield></datafield><datafield ind2=" " ind1="0" tag="425"><subfield code="a">2013</subfield></datafield><datafield ind2="1" ind1="0" tag="519"><subfield code="a">Aachen, FH, Bachelorarbeit, 2013</subfield></datafield></record>