<record format="MarcXchange" type="Bibliographic"><leader>00000     2200000   000 </leader><controlfield tag="001">259721</controlfield><controlfield tag="002">24.11.2009</controlfield><datafield ind2="1" ind1="0" tag="014"><subfield code="a">61 C 09-53M</subfield></datafield><datafield ind2="1" ind1="0" tag="015"><subfield code="a">ger</subfield></datafield><datafield ind2="1" ind1="0" tag="029"><subfield code="a">06</subfield></datafield><datafield ind2="1" ind1="0" tag="100"><subfield code="a">Tuchscherer, Christopher</subfield></datafield><datafield ind2="1" ind1="0" tag="101"><subfield code="a">Möginger, Bernhard [Betreuer]</subfield></datafield><datafield ind2="1" ind1="0" tag="331"><subfield code="a">Die Korrelation der rheologischen und anwendungstechnischen Eigenschaften ausgewählter Industrieholzlacke</subfield></datafield><datafield ind2=" " ind1="0" tag="359"><subfield code="a">in Zusammenarbeit mit: Akzo Nobel Deco GmbH (Dr. Jörg Horakh)</subfield></datafield><datafield ind2=" " ind1="0" tag="425"><subfield code="a">2009</subfield></datafield><datafield ind2="1" ind1="0" tag="519"><subfield code="a">Aachen, FH, Masterarbeit, 2009</subfield></datafield></record>