<record format="MarcXchange" type="Bibliographic"><leader>00000     2200000   000 </leader><controlfield tag="001">279153</controlfield><controlfield tag="002">04.11.2010</controlfield><controlfield tag="003">04.11.2010</controlfield><datafield ind2="1" ind1="0" tag="014"><subfield code="a">61 P 10-140B</subfield></datafield><datafield ind2="1" ind1="0" tag="015"><subfield code="a">ger</subfield></datafield><datafield ind2="1" ind1="0" tag="029"><subfield code="a">06</subfield></datafield><datafield ind2="1" ind1="0" tag="100"><subfield code="a">Türk, Dominic</subfield></datafield><datafield ind2="1" ind1="0" tag="101"><subfield code="a">Reißel, Martin [Betreuer]</subfield></datafield><datafield ind2="1" ind1="0" tag="331"><subfield code="a">Intelligentes, dynamisches und sicheres Netzwerk zur Finite-Elemente-Analyse</subfield></datafield><datafield ind2=" " ind1="0" tag="359"><subfield code="a">in Zsuammenarbeit mit: RWTH Aachen/Lehrstuhl und Institut für Massivbau (Dipl.-Ing. Alexander Karakas)</subfield></datafield><datafield ind2=" " ind1="0" tag="425"><subfield code="a">2010</subfield></datafield><datafield ind2="1" ind1="0" tag="519"><subfield code="a">Aachen, FH, Bachelorarbeit, 2010</subfield></datafield></record>