<record format="MarcXchange" type="Bibliographic"><leader>00000     2200000   000 </leader><controlfield tag="001">281444</controlfield><controlfield tag="002">06.01.2011</controlfield><controlfield tag="003">06.01.2011</controlfield><datafield ind2="1" ind1="0" tag="014"><subfield code="a">61 C 10/11-15B</subfield></datafield><datafield ind2="1" ind1="0" tag="015"><subfield code="a">ger</subfield></datafield><datafield ind2="1" ind1="0" tag="029"><subfield code="a">06</subfield></datafield><datafield ind2="1" ind1="0" tag="100"><subfield code="a">Uchmann, Natalie</subfield></datafield><datafield ind2="1" ind1="0" tag="101"><subfield code="a">Baumann, Marcus [Betreuer]</subfield></datafield><datafield ind2="1" ind1="0" tag="331"><subfield code="a">Virusfiltration - Vergleich des Minute Virus of Mice und des Porcinen Parvovirus, sowie Einflusss von Druckunterbrechungen auf die Abreicherung</subfield></datafield><datafield ind2=" " ind1="0" tag="425"><subfield code="a">2010</subfield></datafield><datafield ind2="1" ind1="0" tag="519"><subfield code="a">Aachen, FH, Bachelorarbeit, 2010</subfield></datafield></record>