<record format="MarcXchange" type="Bibliographic"><leader>00000     2200000   000 </leader><controlfield tag="001">259718</controlfield><controlfield tag="002">24.11.2009</controlfield><controlfield tag="003">24.11.2009</controlfield><datafield ind2="1" ind1="0" tag="014"><subfield code="a">61 KT 09-53M</subfield></datafield><datafield ind2="1" ind1="0" tag="015"><subfield code="a">eng</subfield></datafield><datafield ind2="1" ind1="0" tag="029"><subfield code="a">06</subfield></datafield><datafield ind2="1" ind1="0" tag="100"><subfield code="a">Uluyol, Orhan</subfield></datafield><datafield ind2="1" ind1="0" tag="101"><subfield code="a">Scherer, Ulrich [Betreuer]</subfield></datafield><datafield ind2="1" ind1="0" tag="331"><subfield code="a">Nucleophilic synthesis of 6-[18F]Fluoro-m-Tyrosine</subfield></datafield><datafield ind2="1" ind1="0" tag="335"><subfield code="a">Optimization of the precursor synthesis and 18F-Labelling</subfield></datafield><datafield ind2=" " ind1="0" tag="359"><subfield code="a">in Zusammenarbeit mit: Forschungszentrum Jülich GmbH/Institute of Neuroscience and Medicine (INM-5) ; Nuclear Chemistry (Dr. Johannes Ermert)</subfield></datafield><datafield ind2=" " ind1="0" tag="425"><subfield code="a">2009</subfield></datafield><datafield ind2="1" ind1="0" tag="519"><subfield code="a">Aachen, FH, Masterarbeit, 2009</subfield></datafield></record>