<record format="MarcXchange" type="Bibliographic"><leader>00000     2200000   000 </leader><controlfield tag="001">253875</controlfield><controlfield tag="002">17.06.2009</controlfield><controlfield tag="003">22.03.2012</controlfield><datafield ind2="1" ind1="0" tag="014"><subfield code="a">61 EU 09-10</subfield></datafield><datafield ind2="1" ind1="0" tag="015"><subfield code="a">ger</subfield></datafield><datafield ind2="1" ind1="0" tag="029"><subfield code="a">06</subfield></datafield><datafield ind2="1" ind1="0" tag="100"><subfield code="a">Ürlings, Nicolas</subfield></datafield><datafield ind2="1" ind1="0" tag="101"><subfield code="a">Schwarzer, Klemens [Betreuer]</subfield></datafield><datafield ind2="1" ind1="0" tag="331"><subfield code="a">Energetische,ökologische und wirtschaftliche Betrachtung eines Blockheizkraftwerkes auf Basis des Stirlingprinzips für den Einsatz im Wohnungsneubau</subfield></datafield><datafield ind2=" " ind1="0" tag="359"><subfield code="a">in Zusammenarbeit mit: T.B.E. GmbH (Dr.-Ing. Helmut Knappstein)</subfield></datafield><datafield ind2=" " ind1="0" tag="425"><subfield code="a">2009</subfield></datafield><datafield ind2="1" ind1="0" tag="519"><subfield code="a">Aachen, FH, Diplomarbeit, 2009</subfield></datafield><datafield ind2="1" ind1="0" tag="600"><subfield code="a">freigegeben 1203</subfield></datafield></record>