<record format="MarcXchange" type="Bibliographic"><leader>00000     2200000   000 </leader><controlfield tag="001">255187</controlfield><controlfield tag="002">28.07.2009</controlfield><datafield ind2="1" ind1="0" tag="014"><subfield code="a">61 C 09-22</subfield></datafield><datafield ind2="1" ind1="0" tag="015"><subfield code="a">ger</subfield></datafield><datafield ind2="1" ind1="0" tag="029"><subfield code="a">06</subfield></datafield><datafield ind2="1" ind1="0" tag="100"><subfield code="a">Urmersbach, Florian</subfield></datafield><datafield ind2="1" ind1="0" tag="101"><subfield code="a">Dieckhoff, Josef [Betreuer]</subfield></datafield><datafield ind2="1" ind1="0" tag="331"><subfield code="a">Stoffflussanalyse eines L-Cystein produzierenden Escherichia Coli Stammes</subfield></datafield><datafield ind2=" " ind1="0" tag="359"><subfield code="a">in  Zusammenarbeit mit: Forschungszentrum Jülich GmbH/Institut für Biotechnologie 2 (Dipl.-Biotechnol. Johannes Wichter)</subfield></datafield><datafield ind2=" " ind1="0" tag="425"><subfield code="a">2009</subfield></datafield><datafield ind2="1" ind1="0" tag="519"><subfield code="a">Aachen, FH, Diplomarbeit, 2009</subfield></datafield><datafield ind2="1" ind1="0" tag="600"><subfield code="a">für immer unter Verschluss</subfield></datafield></record>