<record format="MarcXchange" type="Bibliographic"><leader>00000     2200000   000 </leader><controlfield tag="001">473701</controlfield><controlfield tag="002">21.01.2014</controlfield><datafield ind2="1" ind1="0" tag="014"><subfield code="a">61 C 13/14-39M</subfield></datafield><datafield ind2="1" ind1="0" tag="015"><subfield code="a">ger</subfield></datafield><datafield ind2="1" ind1="0" tag="029"><subfield code="a">06</subfield></datafield><datafield ind2="1" ind1="0" tag="100"><subfield code="a">Vieweg, Konstantin</subfield></datafield><datafield ind2="1" ind1="0" tag="101"><subfield code="a">Möginger, Bernhard [Betreuer]</subfield></datafield><datafield ind2="1" ind1="0" tag="331"><subfield code="a">Messtechnische Ermittlung und mathematische Beschreibung des viskoelastischen Verhaltens von Blasformmaterialien</subfield></datafield><datafield ind2=" " ind1="0" tag="359"><subfield code="a">in Zusammenarbeit mit: Dr. Reinhold Hagen Stiftung (Dr. Olaf Bruch)</subfield></datafield><datafield ind2=" " ind1="0" tag="425"><subfield code="a">2013</subfield></datafield><datafield ind2="1" ind1="0" tag="519"><subfield code="a">Aachen, FH, Masterarbeit, 2014</subfield></datafield></record>