<record format="MarcXchange" type="Bibliographic"><leader>00000     2200000   000 </leader><controlfield tag="001">272229</controlfield><controlfield tag="002">13.07.2010</controlfield><controlfield tag="003">13.07.2010</controlfield><datafield ind2="1" ind1="0" tag="014"><subfield code="a">61 EU 10-07</subfield></datafield><datafield ind2="1" ind1="0" tag="015"><subfield code="a">eng</subfield></datafield><datafield ind2="1" ind1="0" tag="029"><subfield code="a">06</subfield></datafield><datafield ind2="1" ind1="0" tag="100"><subfield code="a">Völker, Carola</subfield></datafield><datafield ind2="1" ind1="0" tag="101"><subfield code="a">Stellberg, Michael [Betreuer]</subfield></datafield><datafield ind2="1" ind1="0" tag="331"><subfield code="a">Establishment of an indoor test area for photovoltaic modules</subfield></datafield><datafield ind2="1" ind1="0" tag="335"><subfield code="a">the concept of the indoor test area examined in this thesis is customized for the requirements - with regard to reseach and development - of MIT-Fraunhofer CSE in Cambridge, MA</subfield></datafield><datafield ind2=" " ind1="0" tag="359"><subfield code="a">in Zusammenarbeit mit: Fraunhofer CSE USA</subfield></datafield><datafield ind2=" " ind1="0" tag="425"><subfield code="a">2010</subfield></datafield><datafield ind2="1" ind1="0" tag="519"><subfield code="a">Aachen, FH, Diplomarbeit, 2010</subfield></datafield></record>