<record format="MarcXchange" type="Bibliographic"><leader>00000     2200000   000 </leader><controlfield tag="001">279114</controlfield><controlfield tag="002">03.11.2010</controlfield><controlfield tag="003">16.08.2013</controlfield><datafield ind2="1" ind1="0" tag="014"><subfield code="a">61 P 10-131B</subfield></datafield><datafield ind2="1" ind1="0" tag="015"><subfield code="a">ger</subfield></datafield><datafield ind2="1" ind1="0" tag="029"><subfield code="a">06</subfield></datafield><datafield ind2="1" ind1="0" tag="100"><subfield code="a">von St. Vieth, Benedikt</subfield></datafield><datafield ind2="1" ind1="0" tag="101"><subfield code="a">Schelthoff, Christof [Betreuer]</subfield></datafield><datafield ind2="1" ind1="0" tag="331"><subfield code="a">Ermittlung der Größenparameter magnetischer Nanopartikel aus Magnetorelaxometrie- und Suszeptometrie-Messungen</subfield></datafield><datafield ind2=" " ind1="0" tag="359"><subfield code="a">in Zusammenarbeit mit: Forschungszentrum Jülich GmbH/Institut für Bio- und Nanosysteme ; Abteilung Bioelektronik (IBN-2) (Dr. Hans-Joachim Krause)</subfield></datafield><datafield ind2=" " ind1="0" tag="425"><subfield code="a">2010</subfield></datafield><datafield ind2="1" ind1="0" tag="519"><subfield code="a">Aachen, FH, Bachelorarbeit, 2010</subfield></datafield></record>