<record format="MarcXchange" type="Bibliographic"><leader>00000     2200000   000 </leader><controlfield tag="001">485134</controlfield><controlfield tag="002">20.03.2014</controlfield><datafield ind2="1" ind1="0" tag="014"><subfield code="a">61 EU 13/14-29B</subfield></datafield><datafield ind2="1" ind1="0" tag="015"><subfield code="a">ger</subfield></datafield><datafield ind2="1" ind1="0" tag="029"><subfield code="a">06</subfield></datafield><datafield ind2="1" ind1="0" tag="100"><subfield code="a">Wambach, Christina</subfield></datafield><datafield ind2="1" ind1="0" tag="101"><subfield code="a">Groß, Rolf [Betreuer]</subfield></datafield><datafield ind2="1" ind1="0" tag="331"><subfield code="a">Experimentelle Validierung numerischer reaktionsmodelle und Prozessparameter zur Auslegung aktivkohlekatalysierter Oxidationsanlagen bei der Seewasser-Rauchgasentschwefelung</subfield></datafield><datafield ind2=" " ind1="0" tag="359"><subfield code="a">in Zusammenarbeit mit: Doosan Lentjes GmbH (Dipl.-Ing. Matthias Höfler)</subfield></datafield><datafield ind2=" " ind1="0" tag="425"><subfield code="a">2013</subfield></datafield><datafield ind2="1" ind1="0" tag="519"><subfield code="a">Aachen, FH, Bachelorarbeit, 2014</subfield></datafield><datafield ind2="1" ind1="0" tag="600"><subfield code="a">für immer unter Verschluss</subfield></datafield></record>