<record format="MarcXchange" type="Bibliographic"><leader>00000     2200000   000 </leader><controlfield tag="001">498862</controlfield><controlfield tag="002">27.06.2014</controlfield><datafield ind2="1" ind1="0" tag="014"><subfield code="a">61 C 14-12B</subfield></datafield><datafield ind2="1" ind1="0" tag="015"><subfield code="a">ger</subfield></datafield><datafield ind2="1" ind1="0" tag="029"><subfield code="a">06</subfield></datafield><datafield ind2="1" ind1="0" tag="100"><subfield code="a">Wandji, Damarice</subfield></datafield><datafield ind2="1" ind1="0" tag="101"><subfield code="a">Siegert, Petra [Betreuer]</subfield></datafield><datafield ind2="1" ind1="0" tag="331"><subfield code="a">Erste Charakterisierung der Strep-tag Malatdehydrogenase aus E.coli K12MG1655</subfield></datafield><datafield ind2=" " ind1="0" tag="425"><subfield code="a">2014</subfield></datafield><datafield ind2="1" ind1="0" tag="519"><subfield code="a">Aachen, FH, Bachelorarbeit, 2014</subfield></datafield></record>