<record format="MarcXchange" type="Bibliographic"><leader>00000     2200000   000 </leader><controlfield tag="001">487589</controlfield><controlfield tag="002">24.04.2014</controlfield><controlfield tag="003">24.04.2014</controlfield><datafield ind2="1" ind1="0" tag="014"><subfield code="a">61 EU 13/14-57B</subfield></datafield><datafield ind2="1" ind1="0" tag="015"><subfield code="a">ger</subfield></datafield><datafield ind2="1" ind1="0" tag="029"><subfield code="a">06</subfield></datafield><datafield ind2="1" ind1="0" tag="100"><subfield code="a">Wang, Yan</subfield></datafield><datafield ind2="1" ind1="0" tag="101"><subfield code="a">Stulpe, Werner [Betreuer]</subfield></datafield><datafield ind2="1" ind1="0" tag="331"><subfield code="a">Modellierung eiens idealen Transformators durch ein System linearer Differenzialgleichungen</subfield></datafield><datafield ind2=" " ind1="0" tag="425"><subfield code="a">2014</subfield></datafield><datafield ind2="1" ind1="0" tag="519"><subfield code="a">Aachen, Bachelorarbeit, 2014</subfield></datafield></record>