<record format="MarcXchange" type="Bibliographic"><leader>00000     2200000   000 </leader><controlfield tag="001">486821</controlfield><controlfield tag="002">07.04.2014</controlfield><datafield ind2="1" ind1="0" tag="014"><subfield code="a">61 ET 13/14-15B</subfield></datafield><datafield ind2="1" ind1="0" tag="015"><subfield code="a">eng</subfield></datafield><datafield ind2="1" ind1="0" tag="029"><subfield code="a">06</subfield></datafield><datafield ind2="1" ind1="0" tag="100"><subfield code="a">Wanqing, Xu</subfield></datafield><datafield ind2="1" ind1="0" tag="101"><subfield code="a">Hodapp, Josef [Betreuer]</subfield></datafield><datafield ind2="1" ind1="0" tag="331"><subfield code="a">Analyse von Permanent Magnet Motoren mit konzentrierten Wicklungen</subfield></datafield><datafield ind2=" " ind1="0" tag="425"><subfield code="a">2013</subfield></datafield><datafield ind2="1" ind1="0" tag="519"><subfield code="a">Aachen, FH, Bachelorarbeit, 2014</subfield></datafield><datafield ind2="1" ind1="0" tag="600"><subfield code="a">Text. engl.</subfield></datafield></record>