<record format="MarcXchange" type="Bibliographic"><leader>00000     2200000   000 </leader><controlfield tag="001">376238</controlfield><controlfield tag="002">28.06.2012</controlfield><datafield ind2="1" ind1="0" tag="014"><subfield code="a">61 C 11/12-60B</subfield></datafield><datafield ind2="1" ind1="0" tag="015"><subfield code="a">ger</subfield></datafield><datafield ind2="1" ind1="0" tag="029"><subfield code="a">06</subfield></datafield><datafield ind2="1" ind1="0" tag="100"><subfield code="a">Wappler, Jessica</subfield></datafield><datafield ind2="1" ind1="0" tag="101"><subfield code="a">Biselli, Manfred [Betreuer]</subfield></datafield><datafield ind2="1" ind1="0" tag="331"><subfield code="a">Einfluss verschiedener Kultivierungsparameter auf die Expression zellspezifische Wachstumsfaktoren und Zytokine mesenchymaler Stromazellen des Knochenmarks</subfield></datafield><datafield ind2=" " ind1="0" tag="359"><subfield code="a">in Zusammenarbeit mit: Uniklinikum Aachen/Klinik für Urologie (Dr. rer. nat. Katrin Montzka)</subfield></datafield><datafield ind2=" " ind1="0" tag="425"><subfield code="a">2012</subfield></datafield><datafield ind2="1" ind1="0" tag="519"><subfield code="a">Aachen, FH, Bachelorarbeit, 2012</subfield></datafield></record>