<record format="MarcXchange" type="Bibliographic"><leader>00000     2200000   000 </leader><controlfield tag="001">433586</controlfield><controlfield tag="002">25.06.2013</controlfield><datafield ind2="1" ind1="0" tag="014"><subfield code="a">61 P 12/13-73B</subfield></datafield><datafield ind2="1" ind1="0" tag="015"><subfield code="a">ger</subfield></datafield><datafield ind2="1" ind1="0" tag="029"><subfield code="a">06</subfield></datafield><datafield ind2="1" ind1="0" tag="100"><subfield code="a">Warcholik, Marcel</subfield></datafield><datafield ind2="1" ind1="0" tag="101"><subfield code="a">Schäfer, Horst [Betreuer]</subfield></datafield><datafield ind2="1" ind1="0" tag="331"><subfield code="a">Untersuchung von Filteralgorithmen für eine präzise Positionsbestimmung mittels Inertialsensoren</subfield></datafield><datafield ind2=" " ind1="0" tag="359"><subfield code="a">in Zusammenarbeit mit: RWTH Aachen/IMR Institut für Maschinentechnik dr Rohstoffindustrie (Dipl.-Ing. (FH) Moritz Zingsheim, M. Sc.)</subfield></datafield><datafield ind2=" " ind1="0" tag="425"><subfield code="a">2013</subfield></datafield><datafield ind2="1" ind1="0" tag="519"><subfield code="a">Aachen, FH, Bachelorarbeit, 2013</subfield></datafield></record>