<record format="MarcXchange" type="Bibliographic"><leader>00000     2200000   000 </leader><controlfield tag="001">401471</controlfield><controlfield tag="002">05.12.2012</controlfield><datafield ind2="1" ind1="0" tag="014"><subfield code="a">61 P 12-85B</subfield></datafield><datafield ind2="1" ind1="0" tag="015"><subfield code="a">ger</subfield></datafield><datafield ind2="1" ind1="0" tag="029"><subfield code="a">06</subfield></datafield><datafield ind2="1" ind1="0" tag="100"><subfield code="a">Weingartz, Marina</subfield></datafield><datafield ind2="1" ind1="0" tag="101"><subfield code="a">Dikta, Gerhard [Betreuer]</subfield></datafield><datafield ind2="1" ind1="0" tag="331"><subfield code="a">Lineare Optimierung bei der Prognose der Stromerzeugung in Deutschland bis 2050</subfield></datafield><datafield ind2="1" ind1="0" tag="335"><subfield code="a">grafische Ergebnisaufbereitung verschiedener Szenarien</subfield></datafield><datafield ind2=" " ind1="0" tag="425"><subfield code="a">2012</subfield></datafield><datafield ind2="1" ind1="0" tag="519"><subfield code="a">Aachen, FH, Bachelorarbeit, 2012</subfield></datafield></record>