<record format="MarcXchange" type="Bibliographic"><leader>00000     2200000   000 </leader><controlfield tag="001">501749</controlfield><controlfield tag="002">08.08.2014</controlfield><controlfield tag="003">08.08.2014</controlfield><datafield ind2="1" ind1="0" tag="014"><subfield code="a">61 P 14-21M</subfield></datafield><datafield ind2="1" ind1="0" tag="015"><subfield code="a">ger</subfield></datafield><datafield ind2="1" ind1="0" tag="029"><subfield code="a">06</subfield></datafield><datafield ind2="1" ind1="0" tag="100"><subfield code="a">Weingartz, Marina</subfield></datafield><datafield ind2="1" ind1="0" tag="101"><subfield code="a">Grotendorst, Johannes [Betreuer]</subfield></datafield><datafield ind2="1" ind1="0" tag="331"><subfield code="a">Spectral Defered Corrections für das Slow-Wave-Fast-Wave-Problem</subfield></datafield><datafield ind2=" " ind1="0" tag="425"><subfield code="a">2014</subfield></datafield><datafield ind2="1" ind1="0" tag="519"><subfield code="a">Aachen, FH, Masterarbeit, 2014</subfield></datafield></record>