<record format="MarcXchange" type="Bibliographic"><leader>00000     2200000   000 </leader><controlfield tag="001">290588</controlfield><controlfield tag="002">16.05.2011</controlfield><controlfield tag="003">16.05.2011</controlfield><datafield ind2="1" ind1="0" tag="014"><subfield code="a">61 C 10/11-49B</subfield></datafield><datafield ind2="1" ind1="0" tag="015"><subfield code="a">ger</subfield></datafield><datafield ind2="1" ind1="0" tag="029"><subfield code="a">06</subfield></datafield><datafield ind2="1" ind1="0" tag="100"><subfield code="a">Weitner, Tanja</subfield></datafield><datafield ind2="1" ind1="0" tag="101"><subfield code="a">Ruttkowski, Edeltraud [Betreuer]</subfield></datafield><datafield ind2="1" ind1="0" tag="331"><subfield code="a">Produktion und Charakterisierung von rekombinanten Adenoviren mit dem Gen eines anti-TLR2- und anti-TLR9-Intrabody</subfield></datafield><datafield ind2=" " ind1="0" tag="359"><subfield code="a">in Zusammenarbeit mit: Helmholtz-Zentrum für Infektionsforschung (Dr. Thomas Böldicke)</subfield></datafield><datafield ind2=" " ind1="0" tag="425"><subfield code="a">2011</subfield></datafield><datafield ind2="1" ind1="0" tag="519"><subfield code="a">Aachen, FH, Bachelorarbeit, 2011</subfield></datafield></record>