<record format="MarcXchange" type="Bibliographic"><leader>00000     2200000   000 </leader><controlfield tag="001">258313</controlfield><controlfield tag="002">21.10.2009</controlfield><controlfield tag="003">02.08.2012</controlfield><datafield ind2="1" ind1="0" tag="014"><subfield code="a">61 BMT 09-50B</subfield></datafield><datafield ind2="1" ind1="0" tag="015"><subfield code="a">ger</subfield></datafield><datafield ind2="1" ind1="0" tag="029"><subfield code="a">06</subfield></datafield><datafield ind2="1" ind1="0" tag="100"><subfield code="a">Wendt, Katharina</subfield></datafield><datafield ind2="1" ind1="0" tag="101"><subfield code="a">Artmann, Gerhard [Betreuer]</subfield></datafield><datafield ind2="1" ind1="0" tag="331"><subfield code="a">Entwicklung eines Messerfassungssystems zur Bestimmung der Geometrie und des Volumens von separierten Blättern zur Untersuchung des Wachstumsverhaltens und der Stressresistenz von Pflanzen</subfield></datafield><datafield ind2=" " ind1="0" tag="425"><subfield code="a">2009</subfield></datafield><datafield ind2="1" ind1="0" tag="519"><subfield code="a">Aachen, FH, Bachelorarbeit, 2009</subfield></datafield><datafield ind2="1" ind1="0" tag="600"><subfield code="a">unter Verschluss bis 2014</subfield></datafield></record>