<record format="MarcXchange" type="Bibliographic"><leader>00000     2200000   000 </leader><controlfield tag="001">473702</controlfield><controlfield tag="002">21.01.2014</controlfield><datafield ind2="1" ind1="0" tag="014"><subfield code="a">61 C 13/14-40B</subfield></datafield><datafield ind2="1" ind1="0" tag="015"><subfield code="a">ger</subfield></datafield><datafield ind2="1" ind1="0" tag="029"><subfield code="a">06</subfield></datafield><datafield ind2="1" ind1="0" tag="100"><subfield code="a">Werners, Benedikt</subfield></datafield><datafield ind2="1" ind1="0" tag="101"><subfield code="a">Janzik, Ingar [Betreuer]</subfield></datafield><datafield ind2="1" ind1="0" tag="331"><subfield code="a">Effekte von dynamischen Licht auf den Photosyntheseapparat von Arabidopsis thaliana</subfield></datafield><datafield ind2=" " ind1="0" tag="359"><subfield code="a">in Zusammenarbeit mit: Forschungszentrum Jülich/Institut für Bio- und Geowissenschaften (IBG-2) ; Bereich Pflanzenwissenschaften (Dr. Shizue Matsubara)</subfield></datafield><datafield ind2=" " ind1="0" tag="425"><subfield code="a">2013</subfield></datafield><datafield ind2="1" ind1="0" tag="519"><subfield code="a">Aachen, FH, Bachelorarbeit, 2014</subfield></datafield></record>