<record format="MarcXchange" type="Bibliographic"><leader>00000     2200000   000 </leader><controlfield tag="001">287951</controlfield><controlfield tag="002">14.04.2011</controlfield><datafield ind2="1" ind1="0" tag="014"><subfield code="a">61 EU 10/11-26B</subfield></datafield><datafield ind2="1" ind1="0" tag="015"><subfield code="a">ger</subfield></datafield><datafield ind2="1" ind1="0" tag="029"><subfield code="a">06</subfield></datafield><datafield ind2="1" ind1="0" tag="100"><subfield code="a">Wieland, Lutz</subfield></datafield><datafield ind2="1" ind1="0" tag="101"><subfield code="a">Dielmann, Klaus [Betreuer]</subfield></datafield><datafield ind2="1" ind1="0" tag="331"><subfield code="a">Optimierung einer extern befeuerten Mikrogasturbine im Bereich des Turbinencores</subfield></datafield><datafield ind2=" " ind1="0" tag="425"><subfield code="a">2011</subfield></datafield><datafield ind2="1" ind1="0" tag="519"><subfield code="a">Aachen, FH, Bachelorarbeit, 2011</subfield></datafield><datafield ind2="1" ind1="0" tag="600"><subfield code="a">für immer unter Verschluss</subfield></datafield></record>