<record format="MarcXchange" type="Bibliographic"><leader>00000     2200000   000 </leader><controlfield tag="001">279504</controlfield><controlfield tag="002">18.11.2010</controlfield><datafield ind2="1" ind1="0" tag="014"><subfield code="a">61 P 10-150</subfield></datafield><datafield ind2="1" ind1="0" tag="015"><subfield code="a">ger</subfield></datafield><datafield ind2="1" ind1="0" tag="029"><subfield code="a">06</subfield></datafield><datafield ind2="1" ind1="0" tag="100"><subfield code="a">Wilkner, Kai</subfield></datafield><datafield ind2="1" ind1="0" tag="101"><subfield code="a">Peters, Ralf [Betreuer]</subfield></datafield><datafield ind2="1" ind1="0" tag="331"><subfield code="a">Entwicklung und Durchführung eines Experiments zur Charakterisierung des Siedeverhaltens eines Wassertropfensprays</subfield></datafield><datafield ind2=" " ind1="0" tag="359"><subfield code="a">in Zusammenarbeit mit: Forschungszentrum Jülich (Dipl.-Ing. Florian Scharf)</subfield></datafield><datafield ind2=" " ind1="0" tag="425"><subfield code="a">2010</subfield></datafield><datafield ind2="1" ind1="0" tag="519"><subfield code="a">Aachen, FH, Diplomarbeit, 2010</subfield></datafield></record>