<record format="MarcXchange" type="Bibliographic"><leader>00000     2200000   000 </leader><controlfield tag="001">413723</controlfield><controlfield tag="002">25.02.2013</controlfield><datafield ind2="1" ind1="0" tag="014"><subfield code="a">61 BMT 12/13-46B</subfield></datafield><datafield ind2="1" ind1="0" tag="015"><subfield code="a">ger</subfield></datafield><datafield ind2="1" ind1="0" tag="029"><subfield code="a">06</subfield></datafield><datafield ind2="1" ind1="0" tag="100"><subfield code="a">Wilmsen, Martin</subfield></datafield><datafield ind2="1" ind1="0" tag="101"><subfield code="a">Artmann, Aysegül [Betreuer]</subfield></datafield><datafield ind2="1" ind1="0" tag="331"><subfield code="a">Untersuchungen zur Sedimentation von Blut in pumpenlosen ECMO-Kreisläufen</subfield></datafield><datafield ind2=" " ind1="0" tag="359"><subfield code="a">in Zusammenarbeit mit: Lehr- und Forschungsgebiet Kardiovaskuläre Technik/Institut für Angewandte Medizintechnik (Dipl.-Ing. J. Arens)</subfield></datafield><datafield ind2=" " ind1="0" tag="425"><subfield code="a">2012</subfield></datafield><datafield ind2="1" ind1="0" tag="519"><subfield code="a">Aachen, FH, Bachelorarbeit, 2013</subfield></datafield></record>