<record format="MarcXchange" type="Bibliographic"><leader>00000     2200000   000 </leader><controlfield tag="001">287949</controlfield><controlfield tag="002">14.04.2011</controlfield><controlfield tag="003">14.04.2011</controlfield><datafield ind2="1" ind1="0" tag="014"><subfield code="a">61 BMT 10/11-49B</subfield></datafield><datafield ind2="1" ind1="0" tag="015"><subfield code="a">ger</subfield></datafield><datafield ind2="1" ind1="0" tag="029"><subfield code="a">06</subfield></datafield><datafield ind2="1" ind1="0" tag="100"><subfield code="a">Winkel, Andreas</subfield></datafield><datafield ind2="1" ind1="0" tag="101"><subfield code="a">Schöning, Michael [Betreuer]</subfield></datafield><datafield ind2="1" ind1="0" tag="331"><subfield code="a">Prozessentwicklung von Bondverfahren für den Aufbau von Mikrofluidik-Chips</subfield></datafield><datafield ind2=" " ind1="0" tag="359"><subfield code="a">in Zusammenarbeit mit: RWTH-Aachen/Institut für Werkstoffe der Elektrotechnik ; Lehrstuhl 1-Mikrostrukturintegration (Prof. rer. nat. W. Mokwa)</subfield></datafield><datafield ind2=" " ind1="0" tag="425"><subfield code="a">2010</subfield></datafield><datafield ind2="1" ind1="0" tag="519"><subfield code="a">Aachen, FH, Bachelorarbeit, 2011</subfield></datafield></record>