<record format="MarcXchange" type="Bibliographic"><leader>00000     2200000   000 </leader><controlfield tag="001">406819</controlfield><controlfield tag="002">03.01.2013</controlfield><datafield ind2="1" ind1="0" tag="014"><subfield code="a">61 EU 12-37B</subfield></datafield><datafield ind2="1" ind1="0" tag="015"><subfield code="a">ger</subfield></datafield><datafield ind2="1" ind1="0" tag="029"><subfield code="a">06</subfield></datafield><datafield ind2="1" ind1="0" tag="100"><subfield code="a">Winkler, Patrick</subfield></datafield><datafield ind2="1" ind1="0" tag="101"><subfield code="a">Hoffschmidt, Bernhard [Betreuer]</subfield></datafield><datafield ind2="1" ind1="0" tag="331"><subfield code="a">Solare Erzeugung von Kraftstoffen</subfield></datafield><datafield ind2="1" ind1="0" tag="335"><subfield code="a">Analyse von Cer-basierten Redoxmaterialien zur Wasserstoffherstellung in einem Laborstand</subfield></datafield><datafield ind2=" " ind1="0" tag="359"><subfield code="a">in Zusammenarbeit mit: Deutschen Zentrum für Luft- und Raumfahrt (Dr. Martina Neises)</subfield></datafield><datafield ind2=" " ind1="0" tag="425"><subfield code="a">2012</subfield></datafield><datafield ind2="1" ind1="0" tag="519"><subfield code="a">Aachen, FH, Bachelorarbeit, 2013</subfield></datafield><datafield ind2="1" ind1="0" tag="600"><subfield code="a">für immer unter Verschluss</subfield></datafield></record>