<record format="MarcXchange" type="Bibliographic"><leader>00000     2200000   000 </leader><controlfield tag="001">301428</controlfield><controlfield tag="002">22.12.2011</controlfield><datafield ind2="1" ind1="0" tag="014"><subfield code="a">61 C 11-58B</subfield></datafield><datafield ind2="1" ind1="0" tag="015"><subfield code="a">ger</subfield></datafield><datafield ind2="1" ind1="0" tag="029"><subfield code="a">06</subfield></datafield><datafield ind2="1" ind1="0" tag="100"><subfield code="a">Wipperfürth, Jens</subfield></datafield><datafield ind2="1" ind1="0" tag="101"><subfield code="a">Kotter, Michael [Betreuer]</subfield></datafield><datafield ind2="1" ind1="0" tag="331"><subfield code="a">Experimentelle Untersuchung zum dynamischen Verhalten eines optischen [Ru(dpp)3]2+-Sauerstoffsensors</subfield></datafield><datafield ind2=" " ind1="0" tag="425"><subfield code="a">2011</subfield></datafield><datafield ind2="1" ind1="0" tag="519"><subfield code="a">Aachen, FH, Bachelorarbeit, 2011</subfield></datafield></record>