<record format="MarcXchange" type="Bibliographic"><leader>00000     2200000   000 </leader><controlfield tag="001">494590</controlfield><controlfield tag="002">22.05.2014</controlfield><datafield ind2="1" ind1="0" tag="014"><subfield code="a">61 C 14-02B</subfield></datafield><datafield ind2="1" ind1="0" tag="015"><subfield code="a">ger</subfield></datafield><datafield ind2="1" ind1="0" tag="029"><subfield code="a">06</subfield></datafield><datafield ind2="1" ind1="0" tag="100"><subfield code="a">Wrobel, Stefan</subfield></datafield><datafield ind2="1" ind1="0" tag="101"><subfield code="a">Siegert, Petra [Betreuer]</subfield></datafield><datafield ind2="1" ind1="0" tag="331"><subfield code="a">Screening und Expression neuer Esterasen aus einer marinen Metagenombank</subfield></datafield><datafield ind2=" " ind1="0" tag="359"><subfield code="a">in Zusammenarbeit mit: Forschungszentrum Jülich/Institut für Molekulare Enzymtechnik (IMET) (Dr. Nadine Katzke)</subfield></datafield><datafield ind2=" " ind1="0" tag="425"><subfield code="a">2014</subfield></datafield><datafield ind2="1" ind1="0" tag="519"><subfield code="a">Aachen, FH, Bachelorarbeit, 2014</subfield></datafield></record>