<record format="MarcXchange" type="Bibliographic"><leader>00000     2200000   000 </leader><controlfield tag="001">406967</controlfield><controlfield tag="002">08.01.2013</controlfield><datafield ind2="1" ind1="0" tag="014"><subfield code="a">61 ET 12-11B</subfield></datafield><datafield ind2="1" ind1="0" tag="015"><subfield code="a">ger</subfield></datafield><datafield ind2="1" ind1="0" tag="029"><subfield code="a">06</subfield></datafield><datafield ind2="1" ind1="0" tag="100"><subfield code="a">Wu, Zhengbo</subfield></datafield><datafield ind2="1" ind1="0" tag="101"><subfield code="a">Kern, Alexander [Betreuer]</subfield></datafield><datafield ind2="1" ind1="0" tag="331"><subfield code="a">Planung und Aufbau eines 2-stufigen Blitzstoßspannungsgenerators und einer 2-stufigen Wechselspannungskaskade für das Hochspannungspraktikum</subfield></datafield><datafield ind2=" " ind1="0" tag="425"><subfield code="a">2012</subfield></datafield><datafield ind2="1" ind1="0" tag="519"><subfield code="a">Aachen, FH, Bachelorarbeit, 2013</subfield></datafield></record>