<record format="MarcXchange" type="Bibliographic"><leader>00000     2200000   000 </leader><controlfield tag="001">410790</controlfield><controlfield tag="002">06.02.2013</controlfield><datafield ind2="1" ind1="0" tag="014"><subfield code="a">61 EU 12/13-16B</subfield></datafield><datafield ind2="1" ind1="0" tag="015"><subfield code="a">ger</subfield></datafield><datafield ind2="1" ind1="0" tag="029"><subfield code="a">06</subfield></datafield><datafield ind2="1" ind1="0" tag="100"><subfield code="a">Yang, Shuai</subfield></datafield><datafield ind2="1" ind1="0" tag="101"><subfield code="a">Alt, Helmut [Betreuer]</subfield></datafield><datafield ind2="1" ind1="0" tag="331"><subfield code="a">Vergleichende energiewirtschaftliche Analyse möglicher Energiemixkonzepte für eine landesweite Energieversorgung</subfield></datafield><datafield ind2=" " ind1="0" tag="425"><subfield code="a">2012</subfield></datafield><datafield ind2="1" ind1="0" tag="519"><subfield code="a">Aachen, FH, Bachelorarbeit, 2013</subfield></datafield></record>