<record format="MarcXchange" type="Bibliographic"><leader>00000     2200000   000 </leader><controlfield tag="001">259535</controlfield><controlfield tag="002">19.11.2009</controlfield><controlfield tag="003">19.11.2009</controlfield><datafield ind2="1" ind1="0" tag="014"><subfield code="a">61 BMT 09-110B</subfield></datafield><datafield ind2="1" ind1="0" tag="015"><subfield code="a">ger</subfield></datafield><datafield ind2="1" ind1="0" tag="029"><subfield code="a">06</subfield></datafield><datafield ind2="1" ind1="0" tag="100"><subfield code="a">Zafarnia, Sara</subfield></datafield><datafield ind2="1" ind1="0" tag="101"><subfield code="a">Herzog, Hans [Betreuer]</subfield></datafield><datafield ind2="1" ind1="0" tag="331"><subfield code="a">Parametrische Analyse von kinetischen PET-Bilddaten bei der Hirntumordiagnostik mit der Aminosäure [18F]-Fluor-Ethyl-Tyrosin</subfield></datafield><datafield ind2=" " ind1="0" tag="359"><subfield code="a">in Zusammenarbeit mit: Forschungszentrum Jülich/Institut für Medizin (Prof. Dr. A. Terstegge)</subfield></datafield><datafield ind2=" " ind1="0" tag="425"><subfield code="a">2009</subfield></datafield><datafield ind2="1" ind1="0" tag="519"><subfield code="a">Aachen, FH, Bachelorarbeit, 2009</subfield></datafield></record>