<record format="MarcXchange" type="Bibliographic"><leader>00000     2200000   000 </leader><controlfield tag="001">50445</controlfield><controlfield tag="002">28.09.1990</controlfield><controlfield tag="003">28.03.2011</controlfield><datafield ind2="1" ind1="9" tag="905"><subfield code="a">89/0005920</subfield></datafield><datafield ind2="2" ind1="9" tag="905"><subfield code="a">89/0005921</subfield></datafield><datafield ind2="3" ind1="9" tag="905"><subfield code="a">89/0005922</subfield></datafield><datafield ind2="4" ind1="9" tag="905"><subfield code="a">89/0005923</subfield></datafield><datafield ind2="1" ind1="9" tag="909"><subfield code="a">HBZ</subfield></datafield><datafield ind2="1" ind1="0" tag="010"><subfield code="a">HT012937552</subfield></datafield><datafield ind2="1" ind1="0" tag="011"><subfield code="a">HL000973803</subfield></datafield><datafield ind2="2" ind1="0" tag="011"><subfield code="a">FAC50011265006-000020</subfield></datafield><datafield ind2="3" ind1="0" tag="011"><subfield code="a">FAC50011265006-000030</subfield></datafield><datafield ind2="4" ind1="0" tag="011"><subfield code="a">FAC50011265006-000040</subfield></datafield><datafield ind2="1" ind1="0" tag="014"><subfield code="a">61 VYW 69</subfield></datafield><datafield ind2="1" ind1="0" tag="015"><subfield code="a">ger</subfield></datafield><datafield ind2=" " ind1="0" tag="027"><subfield code="a">V</subfield></datafield><datafield ind2="1" ind1="0" tag="035"><subfield code="a">DE</subfield></datafield><datafield ind2=" " ind1="0" tag="036"><subfield code="a">m</subfield></datafield><datafield ind2=" " ind1="0" tag="038"><subfield code="a">y</subfield></datafield><datafield ind2="1" ind1="0" tag="100"><subfield code="a">Zerwes, Stefan</subfield></datafield><datafield ind2="1" ind1="0" tag="101"><subfield code="a">Offergeld, Heinrich J.</subfield></datafield><datafield ind2="1" ind1="0" tag="331"><subfield code="a">Resorbierbare Polymere im medizinischen Einsatz</subfield></datafield><datafield ind2=" " ind1="0" tag="359"><subfield code="a">Studienarbeit des Herrn cand.-ing. Stefan Zerwes . Betreuer: H. Offergeld</subfield></datafield><datafield ind2="1" ind1="0" tag="410"><subfield code="a">Aachen</subfield></datafield><datafield ind2="1" ind1="0" tag="412"><subfield code="a">Institut für Kunststoffverarbeitung</subfield></datafield><datafield ind2=" " ind1="0" tag="425"><subfield code="a">1988</subfield></datafield><datafield ind2="1" ind1="0" tag="433"><subfield code="a">96 Bl. : Ill., graph. Darst.</subfield></datafield><datafield ind2="1" ind1="0" tag="519"><subfield code="a">Aachen, Techn. Hochsch., Studienarb., 1988</subfield></datafield><datafield ind2="1" ind1="0" tag="606"><subfield code="a">rey</subfield></datafield><datafield ind2="1" ind1="0" tag="700"><subfield code="a">VYW</subfield></datafield><datafield ind2=" " ind1="0" tag="800"><subfield code="a">a</subfield></datafield><datafield ind2="1" ind1="1" tag="024"><subfield code="a">a|a|||||||||||</subfield></datafield><datafield ind2="2" ind1="1" tag="024"><subfield code="a">a|a||||||||</subfield></datafield><datafield ind2="3" ind1="1" tag="024"><subfield code="a">a|a||||||||</subfield></datafield><datafield ind2="4" ind1="1" tag="024"><subfield code="a">a|a||||||||</subfield></datafield><datafield ind2="5" ind1="1" tag="024"><subfield code="a">a|a||||||||</subfield></datafield><datafield ind2="6" ind1="1" tag="024"><subfield code="a">a|a||||||||</subfield></datafield></record>