<record format="MarcXchange" type="Bibliographic"><leader>00000     2200000   000 </leader><controlfield tag="001">460144</controlfield><controlfield tag="002">24.10.2013</controlfield><controlfield tag="003">24.10.2013</controlfield><datafield ind2="1" ind1="0" tag="014"><subfield code="a">61 ET 13-07B</subfield></datafield><datafield ind2="1" ind1="0" tag="015"><subfield code="a">ger</subfield></datafield><datafield ind2="1" ind1="0" tag="029"><subfield code="a">06</subfield></datafield><datafield ind2="1" ind1="0" tag="100"><subfield code="a">Zhang, Ji</subfield></datafield><datafield ind2="1" ind1="0" tag="101"><subfield code="a">Kern, Alexander [Betreuer]</subfield></datafield><datafield ind2="1" ind1="0" tag="331"><subfield code="a">Simulation elektrischer Felder mit FEMM</subfield></datafield><datafield ind2="1" ind1="0" tag="335"><subfield code="a">Untersuchung der Feldstärkeüberhöhung an exponierten Gebäudeteilen bei Gewitteraktivität</subfield></datafield><datafield ind2=" " ind1="0" tag="425"><subfield code="a">2013</subfield></datafield><datafield ind2="1" ind1="0" tag="519"><subfield code="a">Aachen, FH, Bachelorarbeit, 2013</subfield></datafield></record>