<record format="MarcXchange" type="Bibliographic"><leader>00000     2200000   000 </leader><controlfield tag="001">268895</controlfield><controlfield tag="002">30.04.2010</controlfield><datafield ind2="1" ind1="0" tag="014"><subfield code="a">61 BMT 10-03B</subfield></datafield><datafield ind2="1" ind1="0" tag="015"><subfield code="a">eng</subfield></datafield><datafield ind2="1" ind1="0" tag="029"><subfield code="a">06</subfield></datafield><datafield ind2="1" ind1="0" tag="100"><subfield code="a">Zhong, Zhuoyuan</subfield></datafield><datafield ind2="1" ind1="0" tag="101"><subfield code="a">Staat, Manfred [Betreuer]</subfield></datafield><datafield ind2="1" ind1="0" tag="331"><subfield code="a">Photoelastic analyses of notches in tension and bending</subfield></datafield><datafield ind2=" " ind1="0" tag="425"><subfield code="a">2010</subfield></datafield><datafield ind2="1" ind1="0" tag="519"><subfield code="a">Aachen, FH, Bachelorarbeit, 2010</subfield></datafield></record>