<record format="MarcXchange" type="Bibliographic"><leader>00000     2200000   000 </leader><controlfield tag="001">399715</controlfield><controlfield tag="002">22.11.2012</controlfield><datafield ind2="1" ind1="0" tag="014"><subfield code="a">61 P 12-54B</subfield></datafield><datafield ind2="1" ind1="0" tag="015"><subfield code="a">ger</subfield></datafield><datafield ind2="1" ind1="0" tag="029"><subfield code="a">06</subfield></datafield><datafield ind2="1" ind1="0" tag="100"><subfield code="a">Zumbruch, Immanuel</subfield></datafield><datafield ind2="1" ind1="0" tag="101"><subfield code="a">Schäfer, Horst [Betreuer]</subfield></datafield><datafield ind2="1" ind1="0" tag="331"><subfield code="a">Statistische Auswertung der Messdaten des Backup-Dienstes der RWTH zur Etablierung eines Analyseprozesses</subfield></datafield><datafield ind2=" " ind1="0" tag="359"><subfield code="a">in Zusammenarbeit mit: RWTH Aachen/Rechen- und Kommunikationszentrum (Dr. Thomas Eifert)</subfield></datafield><datafield ind2=" " ind1="0" tag="425"><subfield code="a">2012</subfield></datafield><datafield ind2="1" ind1="0" tag="519"><subfield code="a">Aachen, FH, Bachelorarbeit, 2012</subfield></datafield></record>